2378 3982
433 229 636 286 Aomconan
655 236 733 286 5—9.
1022 231 1088 296 249

80 380 125 442 lae
150 382 182 440 in
205 378 333 457 praediis
351 379 414 439 suis
437 379 600 457 interfecit,
622 377 801 457 praediaque
823 380 887 456 ipsa
906 386 936 440 et
952 397 1088 458 magnam

81 469 251 547 patrimonii
269 475 383 545 partem
398 467 534 545 diripuit,
553 483 628 544 quae
648 483 735 526 causa
751 466 849 527 caedis
863 466 967 528 iuerat„
996 471 1088 547 igitur
1102 489 1116 530 a

82 558 118 617 ad
138 555 289 616 sollemnia
307 556 426 633 pietatis
449 555 601 632 proiectus
623 554 771 634 Agricola,
790 556 894 615 nuntio
916 554 1087 618 adfectatio

81 644 259 722 Vespasiano
283 645 401 721 imperii
424 641 628 720 deprehensus
653 660 687 702 ac
706 643 806 703 statim
825 645 856 703 in
875 650 974 721 partes
993 651 1087 706 trans-

82 750 203 811 gressus
224 739 279 794 est.
311 732 395 791 initia
409 732 593 809 principatus
606 748 640 791 ac
654 738 764 791 statum
777 729 862 791 urbis
876 729 1031 792 Mucianus
1044 750 1089 794 re·

81 819 181 900 gebat,
209 821 316 880 iuvene
344 817 501 879 admodum
524 817 688 879 Domitiano
712 826 743 879 et
767 837 803 879 ex
826 826 950 896 paterna
973 820 1089 881 fortuna

57 936 59 941 ·
81 917 199 969 tantum
217 907 368 967 licentiam
386 915 556 986 usurpante.
578 909 605 967 is
623 908 748 967 missum
764 906 801 966 ad
815 907 942 968 dilectus
958 907 1086 986 agendos
1101 934 1130 974 ro

57 995 249 1075 Agricolam
275 997 449 1074 integreque
471 1013 505 1057 ac
528 1003 650 1056 strenue
673 1002 824 1055 versatum
846 996 1024 1057 vicensimae
1049 997 1090 1056 le-

57 1103 59 1106 ’
78 1087 163 1163 gioni
177 1083 260 1144 tarde
274 1084 312 1144 ad
325 1092 543 1145 sacramentum
556 1091 758 1162 transgressae
772 1086 959 1164 praeposuit,
972 1085 1026 1145 ubi
1040 1084 1090 1145 de-

79 1190 183 1234 cessor
209 1172 349 1232 seditiose
377 1189 464 1250 agere
492 1171 682 1233 narrabatur:
706 1173 816 1251 quippe
839 1171 944 1250 legatis
973 1191 1090 1252 quoque

79 1259 288 1322 consularibus
307 1261 398 1320 nimia
416 1277 449 1321 ac
471 1259 659 1320 formidolosa
679 1267 756 1341 erat,
778 1278 834 1321 nec
847 1260 962 1338 legatus
976 1267 1091 1338 praeto·

78 1352 146 1410 rius
161 1348 197 1407 ad
208 1345 404 1407 cohibendum
414 1356 528 1428 potens,
542 1351 690 1409 incertum
705 1367 758 1409 suo
774 1366 811 1408 an
826 1348 953 1409 militum
963 1349 1091 1426 ingenio.
1105 1373 1135 1415 ω

77 1440 124 1498 ita
149 1450 305 1496 successor
328 1435 416 1494 simul
443 1443 473 1495 et
490 1435 570 1497 ultor
588 1436 700 1497 electus
719 1437 870 1497 rarissima
888 1436 1092 1497 moderatione

76 1523 188 1586 maluit
202 1521 297 1583 videri
311 1521 459 1582 invenisse
472 1521 566 1594 bonos
580 1542 668 1602 quam
684 1525 799 1585 iecisse.

151 1608 181 1672 8.
213 1609 351 1669 Praeerat
376 1616 449 1670 tunc
467 1608 636 1671 Britanniae
653 1611 768 1672 Vettius
786 1611 927 1692 Roianus,
947 1611 1092 1691 placidius

78 1717 174 1780 quam
192 1698 286 1778 ieroci
303 1698 455 1775 provincia
469 1696 591 1775 dignum
606 1706 659 1759 est.
696 1703 870 1777 temperarit
883 1701 1019 1778 Agricola
1034 1702 1092 1761 vim

79 1805 169 1850 suam
187 1785 383 1864 ardoremque
402 1787 600 1865 compescuit,
619 1803 656 1846 ne
675 1787 865 1866 incresceret,
879 1790 993 1865 peritus
1008 1787 1092 1849 obse·

80 1877 136 1956 qui
160 1873 354 1951 eruditusque
377 1873 462 1933 utilia
480 1873 613 1933 honestis
632 1874 767 1934 miscere.
801 1873 885 1935 brevi
903 1873 1009 1935 deinde
1028 1875 1091 1935 Bri-

82 1965 185 2025 tannia
199 1961 386 2023 consularem
398 1961 536 2021 Petilium
551 1961 694 2022 Cerialem
709 1963 831 2040 accepit.
852 1961 1021 2022 habuerunt
1034 1965 1091 2023 vir·
1105 1989 1123 2030 c

79 2059 165 2113 tutes
179 2052 307 2128 spatium
321 2047 537 2130 exemplorum,
558 2049 610 2110 sed
628 2052 725 2128 primo
740 2048 862 2110 Cerialis
876 2048 992 2110 labores
1007 2051 1092 2110 modo

81 2148 116 2201 et
138 2139 322 2218 discrimina,
344 2155 413 2198 mox
436 2146 466 2198 et
484 2137 607 2215 gloriam
631 2138 880 2199 communicabam
904 2155 992 2216 saepe
1016 2139 1094 2217 parti

82 2229 235 2289 exercitus
258 2229 288 2285 in
312 2227 561 2307 experimentum,
583 2225 740 2305 aliquando
764 2226 926 2287 maioribus
945 2229 1039 2305 copiis
1058 2245 1094 2287 ex

83 2323 194 2376 eventu
208 2314 357 2392 praefecit
390 2332 446 2374 nec
460 2313 595 2392 Agricola
613 2332 755 2393 umquam
773 2316 804 2376 in
823 2333 906 2376 suam
921 2315 1027 2375 lamam
1045 2333 1094 2394 ge-

57 2475 59 2479 ,
84 2405 141 2465 stis
156 2402 326 2463 exsultavit:
345 2401 381 2462 ad
401 2410 552 2463 auctorem
570 2419 604 2462 ac
623 2401 730 2463 ducem
749 2410 781 2463 ut
795 2406 931 2463 minister
944 2403 1094 2464 fortunam
1108 2429 1137 2469 rc

84 2490 242 2552 referebat.
272 2492 312 2551 ita
330 2491 441 2550 virtute
459 2492 489 2550 in
509 2489 715 2569 obsequendo,
733 2491 911 2551 verecundia
929 2493 960 2550 in
979 2491 1094 2568 praedi-

85 2578 182 2640 cando
197 2585 280 2639 extra
294 2577 434 2638 invidiam
448 2594 503 2637 nec
518 2585 601 2637 extra
615 2577 738 2655 gloriam
753 2586 824 2639 erat.

154 2663 184 2728 9.
208 2666 415 2727 Revertentem
434 2664 470 2724 ab
488 2664 634 2743 legatione
647 2665 772 2744 legionis
792 2665 877 2726 divus
896 2664 1094 2743 Vespasianus

57 2829 59 2834 Ι
85 2757 166 2816 inter
176 2755 316 2833 patricios
326 2752 463 2833 adscivit3
477 2771 511 2815 ac
526 2752 632 2814 deinde
646 2755 814 2832 provinciae
825 2753 998 2833 Aquitaniae
1011 2772 1094 2833 prae-

57 2880 61 2924 ,
85 2845 195 2922 posuit,
214 2841 384 2920 splendidae
403 2842 539 2919 inprimis
554 2841 705 2920 dignitatis
726 2841 980 2903 administratione
995 2860 1028 2902 ac
1042 2860 1095 2921 spe

86 2930 272 3011 consulatus,
291 2931 341 2990 cui
358 2929 529 2990 destinarat.
558 2928 684 2990 credunt
703 2928 837 3009 plerique
856 2928 1033 2991 militaribus
1052 2931 1095 2989 in·

160 3065 185 3132 7,
201 3070 216 3118 7
234 3066 315 3132 putes
334 3065 362 3118 A
391 3066 395 3131 Ι
423 3065 501 3118 ttest
519 3063 547 3118 B
561 3069 624 3134 post
642 3064 831 3134 deprehensus
850 3065 929 3119 babet
948 3064 953 3131 Ι
975 3068 1007 3116 12
1026 3064 1047 3118 t.
1065 3062 1098 3117 in

57 3179 59 3189 ,
85 3133 236 3189 Britannia
258 3133 422 3203 praeposuit
440 3134 532 3190 Ritter
560 3136 567 3216 Ι
595 3134 652 3189 Sub
672 3136 817 3190 decessore
836 3134 969 3204 Madvig,
993 3132 1090 3203 [ubi..

84 3205 272 3328 namneturp
293 3205 374 3271 Wex,
393 3221 464 3273 quoe
484 3205 618 3259 seditiose
637 3221 720 3274 agere
739 3204 918 3270 narrabatur;
937 3202 1053 3271 quippe.
1064 3204 1096 3260 .f.

57 3323 59 3348 ,
85 3278 162 3343 eret,
181 3291 234 3330 nec
274 3291 383 3330 eceseor
401 3275 439 3330 ad
457 3276 644 3330 cohibendum
661 3294 688 3345 p.
718 3277 824 3332 Urlichs
852 3277 857 3342 1
888 3280 921 3328 14
942 3271 1097 3328 consueris

57 3388 59 3402 .
81 3347 127 3403 vis
147 3344 363 3417 nimiaModoip
378 3348 383 3414 1
398 3346 425 3413 8,
442 3352 455 3400 1
475 3345 583 3401 vectius
602 3345 719 3399 solanus
737 3347 765 3398 A
780 3349 784 3414 1
801 3352 817 3399 2
837 3347 913 3398 esset
929 3343 1096 3418 Acidaliae}

82 3426 99 3475 a
120 3416 208 3471 nimis
228 3416 397 3472 incresceret
416 3417 567 3483 Prommer,
590 3415 771 3469 insolesceret
795 3415 964 3469 Cornelissen
987 3417 992 3477 Ι
1017 3413 1099 3470 obse·

80 3487 148 3558 quii
167 3487 279 3555 Rittert
296 3493 328 3540 11
343 3487 372 3541 in
387 3487 563 3556 exsequendo
580 3487 646 3541 Ped.
658 3485 723 3541 Voss
739 3486 807 3555 19,3
823 3483 964 3554 dignitate
978 3485 1097 3540 admini-

79 3557 236 3616 strationis
246 3557 351 3628 Rigler,
370 3563 400 3612 ot
409 3574 433 3611 υ.
446 3558 479 3612 Ρ.
490 3557 527 3610 D.
536 3556 684 3627 Henniogs
701 3557 732 3612 in
743 3557 817 3612 Anu.
827 3557 897 3627 phil.
912 3560 987 3613 1866
1001 3573 1032 3628 p.
1042 3561 1098 3614 377
