2378 3982
147 206 213 272 282
497 202 802 260 oonnnnnmcrn

147 353 205 415 bus
225 351 351 412 saeculis
365 350 498 430 exempla
512 351 617 432 edidit,
636 351 673 411 ad
687 370 776 431 quam
791 371 886 432 usque
900 352 1053 413 fortunam
1066 352 1149 414 homi·

109 465 135 505 ro
148 459 202 502 nes
215 442 328 519 ingenii
341 439 454 500 viribus
468 442 672 520 pervenerint,
686 440 739 502 sed
752 440 840 522 baec,
854 448 889 502 ut
902 458 994 519 snpra
1008 441 1079 521 dixi,
1091 459 1147 520 pro
1173 465 1179 512 p

147 531 226 590 xima
244 536 275 589 et
293 546 368 606 quae
387 545 447 588 non
461 528 564 588 auditu
579 528 797 609 cognoscenda,
821 528 874 590 sed
888 528 985 590 oculis
999 529 1152 609 spectanda-

147 617 334 678 baberemus.
353 634 420 676 nam
436 633 494 693 quo
510 615 658 676 sordidius
673 624 703 677 et
717 616 862 677 abiectius
876 617 939 677 nati
952 625 1025 678 sunt
1040 634 1146 698 quoquo

148 705 307 767 notabilior
329 711 488 782 paupertas
512 710 542 763 et
561 706 713 783 angustiae
731 723 834 765 rerum
852 712 1010 766 nascentes
1030 724 1081 766 eos
1099 707 1145 766 cir·
1172 696 1177 705 ’

149 799 379 872 cumsteterunt,
407 810 442 851 eo
466 791 591 852 clariora
614 800 644 852 et
667 792 703 852 ad
727 793 989 854 demonstrandam
1011 795 1144 855 oratoriae

108 902 133 944 rs
148 882 334 960 eloquentiae
357 879 515 940 utilitatem
537 879 709 941 inlustriora
732 879 865 960 exempla
883 888 967 961 sunt,
996 882 1075 960 quod
1091 884 1145 943 sine

147 970 402 1031 commendatione
420 969 571 1049 natalium,
594 970 657 1029 sine
672 967 839 1030 substantia
852 968 1035 1051 facultatum,
1051 977 1146 1031 neuter

147 1057 281 1118 moribus
296 1058 446 1136 egregius,
463 1055 537 1117 alter
550 1056 654 1118 habitu
673 1075 791 1136 quoque
810 1058 945 1136 corporis
959 1065 1145 1136 contemptus,

146 1145 332 1224 permultos
352 1147 412 1206 iam
430 1163 523 1206 annos
541 1147 740 1225 potentissimi
758 1152 829 1206 sunt
849 1146 978 1206 civitatis
991 1164 1040 1227 ac,
1062 1146 1158 1207 donec·

147 1235 246 1315 libuit,
270 1237 420 1314 principes
444 1234 514 1313 lori,
541 1251 621 1294 nunc
644 1235 795 1310 principes
818 1235 850 1292 in
876 1232 1009 1295 Caesaris
1029 1235 1147 1294 amicitia

106 1345 134 1385 ao
147 1332 239 1402 agunt
257 1323 416 1400 leruntque
430 1328 537 1382 cuncta
551 1328 640 1399 atque
654 1320 691 1380 ab
705 1323 770 1398 ipso
788 1322 924 1400 principe
943 1340 1013 1382 cum
1032 1322 1148 1402 quadam

146 1413 313 1471 reverentia
327 1409 500 1487 diliguntur,
520 1409 589 1485 quia
602 1407 809 1490 Vespasianus,
822 1408 999 1470 venerabilis
1014 1428 1104 1471 senex
1124 1418 1149 1471 et

146 1500 381 1577 patientissimus
405 1497 481 1576 veri,
504 1494 580 1556 hene
603 1495 748 1574 intellegit
771 1503 888 1557 ceteros
907 1497 1028 1577 quidem
1046 1500 1149 1560 amicos

147 1603 217 1646 suos
235 1587 273 1644 iis
294 1587 363 1663 niti,
387 1601 462 1661 quae
482 1583 517 1643 ab
532 1585 598 1662 ipso
613 1586 783 1663 acceperint
797 1603 931 1664 quaeque
945 1587 1004 1665 ipsi
1018 1604 1149 1648 accumu-

146 1672 208 1733 lare
226 1674 306 1732 etin
324 1671 397 1732 alios
416 1690 577 1750 congerere
595 1680 767 1751 promptum
790 1674 842 1753 sit,
864 1672 1037 1734 Marcellum
1057 1682 1150 1735 autem
1177 1670 1185 1683 “

106 1782 132 1823 aa
147 1769 177 1821 et
191 1761 329 1840 Crispum
349 1760 483 1821 attulisse
502 1761 538 1821 ad
552 1763 710 1823 amicitiam
725 1778 807 1821 suam
822 1761 902 1839 quod
916 1779 977 1822 non
990 1780 1007 1823 a
1020 1764 1150 1842 principe
1180 1760 1185 1765 '

146 1852 317 1927 acceperint
335 1867 390 1910 nec
412 1851 507 1927 accipi
520 1850 623 1928 possit.
650 1850 805 1909 minimum
819 1851 898 1910 inter
911 1857 957 1911 tot
970 1868 1004 1911 ac
1018 1850 1150 1912 tantalo

146 1957 215 1999 cum
234 1940 369 2017 optinent
387 1940 530 2016 imagines
549 1956 583 1998 ac
601 1937 681 1998 tituli
700 1944 729 1997 et
743 1943 871 2018 statuae,
891 1955 966 2016 quae
980 1955 1078 2018 neque
1091 1941 1150 2018 ipsa
1181 1978 1184 1985 -

30 2060 36 2068 ·
145 2035 244 2087 tamen
258 2026 464 2105 negleguntur,
483 2032 543 2084 tam
560 2025 681 2085 hercule
700 2043 788 2104 quam
807 2024 925 2086 divitiae
940 2033 970 2086 et
984 2044 1065 2107 opes,
1082 2043 1150 2106 qtras

146 2115 262 2176 facilius
280 2117 414 2174 invenies
433 2112 484 2191 qui
497 2115 646 2191 vituperet
665 2130 752 2191 quam
771 2114 822 2191 qui
842 2113 979 2174 fastidiat
1001 2114 1050 2175 bis
1063 2117 1150 2194 igitur

107 2225 134 2265 ao
147 2211 178 2264 et
200 2201 364 2263 honoribus
389 2209 417 2262 et
441 2202 623 2260 ornamentis
647 2208 677 2260 et
694 2201 884 2262 facultatibus
902 2202 1028 2264 relertas
1052 2203 1150 2264 domos

146 2308 249 2350 eorum
263 2288 410 2368 videmus,
430 2289 527 2367 quise
542 2287 583 2347 ab⁴
593 2290 714 2348 ineunte
729 2289 930 2351 adulescentia
943 2293 1044 2352 causis
1057 2292 1150 2353 ioren·
1182 2360 1185 2365 ,

145 2376 229 2437 sibus
243 2384 274 2437 et
287 2377 416 2436 oratorio
432 2376 530 2437 studio
545 2376 698 2436 dederunt.
1183 2448 1185 2453 Ι

212 2462 241 2526 9.
260 2464 334 2524 Nam
348 2467 479 2525 carmina
493 2473 523 2525 et
537 2483 649 2545 versus,
671 2464 779 2545 quibus
793 2472 885 2526 totam
898 2468 989 2527 vitam
1002 2465 1151 2528 Maternus

144 2556 295 2614 insumere
309 2561 392 2632 optat
406 2549 490 2632 (inde
506 2555 585 2614 enim
599 2555 694 2614 omnis
708 2552 795 2613 fluxit
812 2547 929 2636 oratio),
947 2572 1045 2633 neque
1060 2556 1150 2634 digni·

146 2648 237 2702 tatem
251 2642 341 2703 ullam
355 2641 526 2703 auctoribus
542 2643 604 2702 suis
619 2640 778 2701 conciliant
790 2659 888 2721 neque
902 2643 1046 2703 utilitates
1058 2643 1150 2723 alunt;
1182 2692 1185 2721 ,

147 2729 327 2807 voluptatem
350 2739 448 2790 autem
466 2730 595 2810 brevem,
617 2729 734 2789 laudem
751 2731 869 2790 inanem
888 2738 918 2790 et
936 2730 1148 2793 infructuosam
1183 2806 1185 2813 Ι

118 2837 132 2879 a
146 2824 379 2895 consequuntur.
402 2817 472 2877 licet
485 2817 558 2878 baec
573 2819 637 2895 ipsa
651 2825 681 2878 et
695 2835 769 2896 quae
784 2817 925 2897 deinceps
938 2818 1075 2880 dicturus
1087 2836 1148 2882 sum

143 2923 231 2967 aures
245 2912 326 2985 tuae,
341 2904 485 2985 blaterne,
500 2914 655 2987 respuant,
674 2907 724 2966 cui
736 2904 814 2966 bono
829 2914 888 2986 est,
903 2908 927 2967 si
942 2907 1021 2985 apud
1034 2915 1065 2968 te
1079 2907 1148 2986 Aga·

214 3112 271 3178 8,9
291 3109 327 3163 ad
346 3111 480 3176 quantam
497 3109 644 3166 Acidaliae
659 3111 664 3179 Ι
681 3115 714 3163 12
732 3109 886 3164 habeamus
900 3110 1034 3180 Droolcel
1052 3117 1084 3166 13
1104 3129 1148 3166 an·

142 3181 253 3251 guntiae
272 3197 365 3235 rerum
383 3181 510 3250 Lipsiust
530 3179 662 3250 angustia
680 3181 827 3250 ercptnml
844 3186 877 3236 15
895 3180 1077 3236 nobilitatem
1086 3182 1148 3238 Aci·

141 3253 249 3320 dolius,
275 3250 445 3322 dignitatem
463 3251 578 3321 Spengel
606 3253 610 3320 Ι
641 3256 673 3304 19
692 3267 765 3304 nunc
786 3249 952 3323 [principes]
971 3251 1148 3322 Helowea‘cbl

142 3329 176 3377 22
196 3325 304 3377 ceteros
324 3323 403 3378 Puta
432 3323 462 3376 et
479 3323 586 3375 ceteros
607 3322 647 3388 (et
665 3320 752 3375 sentit
769 3323 876 3377 ceteros
897 3321 926 3379 0.
945 3322 1052 3392 Kraut)
1083 3325 1088 3392 Ι
1118 3329 1149 3378 28

140 3392 185 3446 his
199 3394 249 3448 Bb
264 3398 268 3463 1
284 3393 340 3462 ipsi
353 3392 481 3462 Lipaioe:
500 3391 569 3461 ipsis
585 3394 589 3460 l
606 3398 640 3445 24
659 3390 697 3445 sit
713 3408 775 3447 stoa:
795 3394 840 3447 osb
854 3396 858 3461 Ι
874 3399 908 3448 26
926 3391 1001 3446 inter
1018 3394 1091 3457 haec
1109 3394 1150 3448 tot

142 3463 283 3587 ngegpi
304 3470 338 3518 31
357 3463 452 3535 aetate
470 3460 662 3518 adolescentia
680 3461 716 3530 F,
736 3463 830 3518 aetate
847 3463 973 3520 Heraeus
995 3467 1000 3534 Ι
1024 3465 1085 3533 ⁹2⁶
1105 3469 1150 3531 dc·

139 3547 171 3584 tn
191 3547 206 3585 e
