2378 3982
293 206 387 263 DIAL.
405 207 454 261 DE
473 207 701 265 ORATORIBUS
719 215 833 267 tt-at.
961 278 964 283 ,
1006 211 1069 275 311

53 372 170 437 parum
188 363 270 416 esset
289 357 321 417 in
339 363 445 416 senatu
460 355 591 418 breviter
610 374 741 437 censere,
754 358 813 417 nisi
827 359 894 435 quis
908 359 1026 436 ingenio
1041 367 1072 420 et

55 444 233 524 eloquentia
256 446 433 505 sententiam
452 461 536 506 suam
556 452 705 525 tueretur,
728 462 797 505 cum
810 446 841 504 in
856 444 984 524 aliquam
997 448 1070 508 inri-
1084 469 1111 510 ce

56 533 142 594 diam
165 539 217 592 aut
240 533 353 593 crimen
374 533 472 593 vocati
494 525 547 594 sua
565 550 637 593 voce
655 532 894 612 respondendum
919 533 1071 616 haberent,

58 639 133 682 eum
158 621 328 681 testimonia
349 637 473 699 quoque¹
490 622 522 681 in
551 619 669 682 iudiciis
693 638 752 682 non
779 620 917 681 absentes
940 639 995 682 nec
1017 640 1072 701 per

59 707 202 770 tabellam
224 707 308 787 dare,
340 707 392 768 sed
421 724 521 768 coram
548 715 578 769 et
604 715 776 787 praesentes
803 708 903 769 dicere
931 726 1071 788 cogeren-

60 804 122 858 tur.
155 797 196 856 ita
214 795 250 855 ad
269 813 384 856 summa
402 794 587 873 eloquentiae
605 798 736 874 praemia
749 815 854 875 magna
868 798 957 857 etiam
970 814 1072 857 neces-

62 886 136 946 sitas
154 881 323 965 accedebat,
343 891 374 944 et
393 901 451 962 quo
469 883 556 943 modo
576 883 721 945 disertum
741 884 845 945 haberi
864 884 1023 962 pulchrum
1042 891 1072 944 et
1085 905 1111 948 es

62 971 236 1052 gloriosum,
254 972 298 1032 sic
312 977 416 1032 contra
429 977 547 1031 mutum
561 979 592 1032 et
605 970 753 1051 elinguem
767 972 862 1033 videri
876 972 1008 1034 deforme
1021 971 1072 1032 ha·

10 1097 17 1107 -
61 1059 199 1121 bebatur.

10 1171 23 1211 s
129 1144 183 1209 tt.
206 1145 363 1227 Ergo-non
381 1148 481 1207 minus
499 1145 608 1208 rubore
628 1165 715 1226 quam
728 1149 869 1227 praemiis
883 1146 1071 1209 stimulaban-

10 1260 28 1299 τ·
64 1244 123 1317 tur,
146 1253 186 1296 ne
204 1235 413 1296 clientulorum
431 1235 496 1295 loco
510 1237 610 1313 potius
625 1253 713 1314 quam
726 1244 920 1314 patronorum
934 1254 1070 1297 numera-

10 1347 32 1387 re
64 1332 180 1405 rentur,
197 1341 235 1384 ne
249 1322 374 1383 traditae
388 1341 404 1382 a
418 1322 579 1383 maioribus
594 1323 830 1384 necessitudines
843 1323 880 1385 ad
895 1323 967 1384 alios
977 1330 1071 1385 trans·

10 1434 36 1475 rt
64 1413 162 1492 nent,
185 1429 223 1473 ne
242 1418 393 1489 tamquam
410 1412 523 1470 inertes
542 1418 573 1471 et
590 1428 650 1472 non
670 1411 825 1473 suffecturi
842 1410 1006 1472 honoribus
1021 1419 1072 1472 aut

10 1521 40 1563 ns
65 1517 124 1561 non
144 1501 339 1578 impetrarent
357 1504 409 1558 eut
427 1499 600 1576 impetratos
622 1498 698 1560 male
716 1506 882 1562 tuerentur.
917 1501 1019 1560 nescio
1034 1517 1098 1561 ans

10 1592 41 1650 ri
65 1589 202 1650 venerint
219 1588 251 1646 in
269 1602 374 1647 manus
393 1593 506 1645 vestras
524 1585 597 1646 haec
615 1593 729 1667 vetera,
756 1605 832 1666 quae
851 1589 924 1649 etin
939 1589 1071 1666 antique·

10 1689 42 1736 ιιι
66 1679 179 1738 riorum
193 1672 388 1753 bybliothecis
402 1673 498 1734 adhuc
508 1681 627 1733 manent
641 1681 671 1734 et
685 1692 752 1734 cum
767 1677 891 1736 maxime
906 1694 923 1736 a
936 1674 1071 1736 Muciano

10 1784 42 1823 ιιι
65 1762 297 1840 contrahuntur,
315 1779 349 1822 ac
364 1762 421 1821 iam
436 1761 588 1842 undecim,
601 1768 636 1822 ut
650 1763 770 1841 opinor,
787 1760 930 1823 Actorum
944 1762 1028 1823 libris
1043 1770 1073 1823 et

10 1861 40 1910 sn
62 1852 163 1914 tribus
177 1848 379 1928 Epistularum
394 1851 555 1927 composita
575 1855 605 1909 et
623 1849 701 1910 edita
719 1855 798 1911 sunt.
829 1868 866 1910 ex
879 1849 926 1909 his
939 1849 1074 1927 intellegi

10 1957 38 1996 se
60 1945 166 2021 potest
179 1935 231 1997 Cn.
244 1936 417 2015 Pompeium
432 1943 462 1997 et
475 1935 512 1996 ll.
527 1935 667 1997 Crassum
680 1955 740 1998 non
753 1935 867 1998 viribus
881 1936 968 1996 modo
982 1944 1014 1997 et
1027 1955 1072 1997 ar·
1086 1958 1112 1998 rc

10 2043 34 2083 ιι
58 2031 131 2106 mis,
161 2023 214 2085 sed
233 2026 351 2102 ingenio
373 2042 491 2104 quoque
510 2031 540 2084 et
557 2027 690 2086 oratione
712 2024 855 2105 valuisse3
882 2023 1024 2084 Lentulos
1043 2031 1074 2086 et

10 2115 29 2169 li
58 2112 200 2178 Metellos
220 2120 250 2173 et
268 2111 408 2173 Lucullos
427 2120 457 2173 et
476 2111 620 2174 Curiones
639 2120 669 2173 et
688 2119 817 2173 ceteram
834 2129 994 2191 procerum
1012 2129 1072 2173 ma·

10 2210 23 2256 i
56 2221 138 2267 num
157 2200 284 2261 multum
307 2202 339 2261 in
357 2199 404 2261 his
428 2201 535 2261 studiis
559 2219 665 2279 operae
683 2218 832 2280 curaeque
849 2201 999 2280 posuisse,
1017 2217 1073 2261 nec

57 2307 246 2374 quemquam
267 2287 326 2349 illis
349 2288 533 2366 temporibus
555 2307 690 2368 magnam
712 2291 875 2368 potentiam
893 2291 957 2350 sine
976 2287 1074 2367 aliqua

10 2401 16 2412 ’
57 2379 235 2457 eloquentia
253 2383 455 2437 consecutum.
484 2377 533 2436 his
559 2376 718 2438 accedebat
742 2377 882 2456 splendor
904 2394 1025 2437 reorum
1043 2383 1113 2437 etet

10 2491 11 2499 ¹
55 2463 240 2544 magnitudo
264 2480 434 2544 causarum,
466 2482 542 2543 quae
564 2467 680 2543 etipsa
703 2463 865 2541 plurimum
888 2463 1073 2542 eloquentiae

55 2559 227 2637 praestant.
241 2568 311 2612 nam
319 2551 447 2612 multum
455 2553 590 2631 interest,
604 2558 743 2612 utrumne
754 2552 790 2611 de
805 2551 885 2612 iurto
899 2560 950 2611 aut
963 2552 1073 2611 sormu-

55 2647 89 2706 la
107 2650 139 2702 et
151 2637 310 2701 interdicto
324 2639 483 2700 dicendum
496 2637 617 2718 babeas,
641 2657 678 2699 an
699 2639 735 2699 de
750 2637 863 2699 ambitu
876 2640 1073 2719 comitiorum,

57 2728 202 2809 expilatis
222 2727 363 2789 sociis'et
383 2726 497 2788 civibus
521 2728 684 2788 trucidatis.
726 2745 801 2806 quae
823 2725 899 2788 mala
917 2728 996 2788 sicut
1013 2744 1074 2788 non

138 2897 184 2965 aa,
198 2903 232 2953 29
252 2896 315 2965 quis
333 2897 462 2966 Lipsius:
481 2896 530 2964 qui
548 2895 616 2966 (nisi
634 2895 697 2964 quis
715 2896 829 2951 breviter
846 2897 950 2951 dictum
968 2901 1006 2950 est
1019 2891 1074 2964 p'ro

57 2971 127 3028 ello.-
147 2968 197 3023 sed
215 2967 331 3022 deberet
348 2966 478 3035 quisque.
490 2966 586 3034 tueri)
611 2968 616 3035 Ι
641 2971 675 3021 30
692 2966 888 3034 tuerenturtl
909 2972 942 3018 32
961 2964 1073 3018 iudiciis

61 3042 228 3097 Hecatom
255 3037 376 3107 publicis
395 3037 528 3106 (publicis
546 3036 638 3092 causis
656 3036 796 3101 Bdbrens,
823 3033 935 3088 iudiciis
952 3033 1073 3102 publicis

59 3113 99 3167 R.
110 3111 253 3179 Aprieola)
269 3110 275 3177 Ι
290 3108 487 3176 ecquomodo.
499 3107 717 3163 ‚sicAec'daliuse
736 3103 894 3159 commode.
907 3103 969 3159 .sed
984 3105 989 3171 i
1005 3104 1071 3170 itm

61 3180 281 3250 stipulabantur,
300 3195 347 3233 ern.
366 3178 517 3233 Rhenanus
533 3181 568 3240 13
588 3176 762 3241 transissent,
781 3173 973 3242 tempsisset
989 3179 1006 3225 4
1023 3174 1073 3226 ho-

60 3268 147 3307 nores
165 3251 289 3320 Scbopeee
312 3251 318 3318 Ι
342 3254 358 3303 6
377 3250 474 3303 vetere
490 3247 634 3303 volumine
651 3247 813 3313 Andresenl
841 3244 881 3314 et]
901 3243 1072 3323 Hepmamel

62 3321 288 3390 antiquariorum
319 3318 525 3388 Sederefleisct:
564 3315 787 3383 antiquoriorum
851 3354 859 3381 ‚
896 3316 1074 3380 ent1quorum

10 3376 17 3457 ἱ
61 3392 146 3448 nec
168 3395 172 3461 l
198 3399 213 3447 ι
232 3388 412 3445 bibliothecis
431 3389 522 3444 Bor
541 3390 545 3455 ι
562 3393 578 3441 e
596 3386 632 3439 ns
651 3386 704 3508 up
717 3392 749 3439 ιι
768 3383 925 3464 caustum]
947 3399 1074 3436 curarum

10 3504 21 3541 1,
61 3463 126 3518 Bb¹
152 3463 157 3534 Ι
183 3469 215 3517 l'l
234 3461 418 3532 praestabant
435 3459 477 3513 B¹
496 3462 501 3529 Ι
523 3464 556 3512 19
575 3457 610 3511 de
629 3471 681 3524 exp

62 3535 201 3590 eotenus:
225 3531 373 3588 comitibus

685 3454 760 3509 'etis
779 3454 837 3510 OF
859 3457 864 3524 Ι
893 3453 1000 3508 civibus
1018 3452 1074 3510 Ptt·
