2378 3982
294 205 390 262 omn.
408 207 456 262 nn
475 188 702 264 ouxronmus
722 216 833 265 1e-1s.
1007 211 1070 275 291

70 355 149 419 dirus
170 355 325 434 Augustus
343 357 375 416 in
395 355 493 417 locum
511 356 622 417 Pansae
641 365 672 417 et
693 356 783 417 Hirtii
797 375 829 417 se
848 365 878 418 et
896 357 930 428 Q.
948 358 1073 420 Pedium

71 444 201 507 eonsules
220 444 345 504 sullecit.
383 451 480 504 statue
498 462 551 504 sex
569 453 598 505 et
612 447 824 523 quinquaginta
838 464 940 526 annoS,
964 448 1072 526 quibus
1087 470 1112 512 ιο

71 551 130 596 nox
149 533 236 595 divus
253 531 406 610 Augustus
424 550 488 593 rem
507 532 656 610 publicam
674 537 764 614 rexit;
787 534 870 594 adice
884 534 997 595 Tiberii
1011 544 1072 597 tres

72 623 226 702 etriginti,
249 629 280 681 et
292 638 385 700 prope
401 620 628 699 quadriennium
642 620 708 702 Gai,
731 639 765 681 ac
783 620 830 681 bis
849 630 1009 701 quaternos
1024 625 1073 685 de·
1142 691 1146 698 ‚

72 727 120 772 nos
133 710 250 772 Claudii
264 718 295 770 et
308 709 434 770 Neronis
449 726 554 789 annos,
577 717 665 787 atque
684 709 767 770 illum
782 709 889 770 Galbae
904 719 934 771 et
948 709 1073 772 Othonis

73 806 98 860 et
114 797 214 859 Vitelli
230 797 351 876 longum
366 805 397 858 et
410 815 503 858 unum
518 816 639 876 annum,
659 815 692 858 ac
711 806 824 859 sextam
838 801 896 860 iam
911 798 1005 858 felicis
1019 799 1073 859 hu·

71 887 112 946 ins
129 887 315 965 principatus
339 888 508 966 stationem,
537 904 595 964 quo
618 885 814 964 Vespasianus
838 905 900 947 rem
923 885 1113 965 publicamus

73 974 158 1036 lovels
177 981 298 1035 centum
317 981 348 1034 et
365 975 469 1052 viginti
488 976 557 1033 anni
575 973 611 1033 ab
629 976 753 1035 interitu
773 975 924 1035 Ciceronis
942 977 974 1034 in
992 975 1073 1036 hunc

73 1061 141 1123 diem
156 1062 351 1142 colliguntur,
370 1063 459 1121 unius
477 1061 605 1122 hominis
625 1069 712 1122 aetas.
736 1081 803 1122 nam
817 1065 881 1141 ipse
896 1081 950 1140 ego
965 1064 996 1123 in
1009 1063 1073 1125 Bri·

74 1151 165 1211 tannia
177 1150 239 1210 vidi
253 1167 363 1229 senem,
378 1151 476 1227 quise
491 1150 634 1210 fateretur
648 1151 675 1208 ei
689 1167 805 1228 pugnae
819 1151 1001 1231 interfuisse,
1015 1168 1073 1229 qua

74 1236 220 1299 Caesarem
256 1238 435 1298 inferentem
466 1255 546 1297 arma
579 1237 715 1298 Britanni
748 1255 850 1299 arcere
877 1238 1015 1298 litoribus
1043 1245 1074 1299 et

75 1326 175 1405 pellere
188 1326 322 1404 adgressi
336 1333 414 1386 sunt.
442 1327 483 1386 ita
498 1327 523 1384 si
537 1343 618 1406 eum,
638 1328 690 1404 qui
703 1333 834 1386 armatus
848 1326 879 1386 C.
894 1326 1013 1387 Caesari
1026 1345 1073 1387 re*
1086 1348 1113 1387 so

75 1416 153 1495 stitit,
166 1413 212 1475 rel
227 1415 381 1492 captivitas
395 1412 442 1473 vel
460 1413 594 1474 voluntas
617 1413 664 1474 vel
682 1415 775 1475 latum
789 1413 906 1493 aliquod
921 1416 952 1474 in
966 1413 1073 1475 urbem

76 1504 268 1582 pertraxisset,
291 1519 385 1581 aeque
408 1502 487 1562 idem
511 1509 541 1561 et
559 1501 714 1562 Caesarem
732 1505 832 1581 ipsum
850 1511 881 1563 et
899 1503 1073 1563 Ciceronem

77 1591 167 1652 audire
185 1592 283 1669 potuit
306 1598 336 1650 et
358 1591 469 1649 nostris
492 1607 610 1666 quoque
633 1590 800 1651 actionibus
822 1593 977 1653 interesse.
1004 1610 1072 1670 pro-

77 1679 143 1740 nmo
163 1679 283 1758 quidem
302 1679 452 1756 congiario
471 1678 530 1754 ipsi
547 1677 663 1736 vidistis
682 1677 841 1757 plerosque
856 1697 951 1760 senes,
974 1683 1072 1758 quise

78 1767 161 1828 adiro
177 1784 295 1846 quoque
308 1767 443 1844 Augusto
458 1763 549 1824 semel
566 1771 655 1842 atque
668 1767 778 1825 iterum
792 1769 942 1844 accepisse
957 1769 1072 1845 congia·
1086 1785 1112 1828 ss

78 1855 142 1916 rium
160 1854 328 1916 narrabant.
365 1872 402 1914 ex
426 1871 484 1931 quo
508 1851 605 1930 colligi
624 1859 724 1930 potest
742 1861 772 1912 et
791 1852 949 1913 Corvinum
964 1852 1000 1913 ab
1014 1853 1073 1914 illis
1104 1850 1105 1853 ’

64 1948 98 2021 ,οὶ
108 1944 243 2003 Asinium
257 1942 353 2002 audiri
366 1943 513 2021 potuisse3
536 1958 604 2000 nam
623 1940 767 2001 Corvinus
787 1942 818 2000 in
831 1940 961 2000 medium
976 1958 1072 2021 usque

77 2025 191 2110 lugd'sti
204 2031 413 2109 principatum,
427 2029 546 2088 Asinius
555 2046 648 2107 paene
663 2028 699 2088 ad
715 2036 880 2088 extremum
894 2029 1019 2108 duravit,
1034 2047 1072 2089 ne

76 2112 202 2180 dividatis
216 2117 382 2197 saeculum,
401 2125 431 2177 et
445 2119 583 2194 antiquos
601 2135 635 2176 ac
648 2124 765 2177 veteres
779 2117 915 2177 vocitetis
930 2124 1073 2198 oratores,

75 2219 139 2282 quos
157 2205 320 2268 eorundem
337 2204 490 2266 hominum
508 2222 596 2265 aures
614 2203 794 2284 adgnoscere
809 2223 843 2266 ac
856 2204 937 2265 velut
951 2206 1072 2266 coniun·
1086 2226 1113 2267 so

72 2306 134 2368 gere
148 2303 178 2356 et
193 2293 331 2372 copulare
345 2299 516 2371 potuerunt.

133 2381 183 2445 18.
205 2381 285 2442 llaec
305 2379 372 2441 ideo
393 2381 539 2459 praedixi,
562 2388 597 2440 ut
617 2382 644 2440 si
664 2399 721 2459 qua
743 2399 780 2440 ex
799 2380 907 2441 horum
921 2389 1073 2442 oratorum

69 2464 141 2531 lama
163 2470 316 2550 gloriaque
342 2468 406 2529 laus
429 2467 614 2546 temporibus
636 2468 818 2546 adquiritur,
847 2486 912 2528 eam
935 2469 1073 2529 docerem

68 2553 96 2619 ln
113 2559 212 2619 medio
231 2560 317 2618 sitam
337 2565 367 2617 et
388 2558 559 2636 propiorem
578 2553 664 2615 nobis
679 2572 767 2633 quam
782 2554 885 2615 Servio
900 2555 1007 2615 Galbae
1022 2563 1073 2616 aut

67 2641 96 2707 C.
109 2647 215 2710 Laelio
229 2651 285 2707 aut
301 2645 330 2705 0.
345 2644 472 2704 Carboni
487 2661 621 2722 quosque
635 2642 708 2702 alios
722 2645 827 2703 merito
838 2644 976 2720 antiquos
986 2661 1071 2703 voca-

67 2737 209 2815 verimus3
223 2740 293 2794 sunt
302 2734 381 2794 enim
390 2732 505 2792 horridi
514 2739 544 2792 et
558 2731 684 2810 impoliti
697 2738 727 2791 et
741 2731 831 2791 rudes
846 2739 876 2791 et
889 2732 1032 2792 informes
1042 2741 1098 2793 ets

66 2835 139 2904 qum
153 2825 267 2884 utinam
281 2820 361 2881 nulla
374 2828 459 2900 parte
473 2821 605 2880 imitatus
620 2826 699 2880 esset
706 2819 811 2880 Calvus
824 2827 924 2881 vester
938 2829 989 2882 aut
1003 2822 1072 2882 Cae-

69 3038 77 3051 ·
134 2975 180 3042 17,
196 2980 230 3029 1o
252 2973 291 3028 VI
308 2968 436 3042 Lipsius:
464 2987 566 3026 nouem
590 2971 654 3040 (VII
672 2971 787 3040 Steiner)
818 2975 821 3039 Ι
852 2978 892 3052 13,
909 2971 996 3024 istum
1013 2972 1071 3038 Bb,

66 3054 155 3113 ipsum
175 3043 255 3112 011⁷!
277 3050 311 3099 14
330 3043 479 3113 septimum
496 3042 555 3095 iem
577 3042 696 3108 Urlichs,
715 3058 866 3096 sexennem
883 3057 940 3094 mm
959 3041 1072 3108 Meiser,

68 3128 112 3168 sex
131 3114 220 3196 (VJJH
238 3114 363 3183 Sauppe,
381 3114 434 3168 VH
453 3113 612 3193 Miclraclisl
628 3114 688 3166 tam
706 3112 822 3234 Spengel
846 3114 851 3181 Ι
877 3116 909 3192 1β
928 3109 1072 3163 fatebatur

65 3184 120 3255 F}
145 3186 333 3239 e1eretus:
354 3185 383 3238 et
407 3186 411 3252 1
438 3190 470 3237 19
485 3183 615 3237 Bntanm
632 3183 757 3236 Ernesto:
795 3180 979 3260 minumae&
1003 3182 1006 3246 Ι
1037 3187 1071 3260 ἳβ

66 3270 153 3338 teque
171 3255 248 3336 idem
266 3255 380 3309 Nissenr
405 3255 435 3306 eb
448 3253 570 3376 ,quiden-p
585 3257 662 3390 411027,
675 3250 818 3393 ggffif
828 3250 991 3374 bxprseipplpnp]
999 3250 1073 3374 ipim:

61 3325 454 3469 puepgeyssprppnppltssppopsbepp
470 3325 597 3448 &fontes
616 3392 765 3458 Eckatee'nl
785 3390 917 3445 uocitetis
938 3390 1004 3444 OF:
1023 3337 1072 3469 nge

61 3468 131 3524 cetis
151 3467 202 3522 Bb
227 3470 231 3536 1
256 3467 333 3533 18‚2
354 3482 415 3520 eam
433 3481 494 3520 nos:
515 3465 631 3518 eandem
647 3466 652 3532 Ι
671 3469 689 3517 4
706 3461 803 3516 Laelio
823 3463 872 3514 eut
891 3460 919 3513 C.
938 3461 1073 3542 suppleuit

61 3540 154 3598 Recto
168 3543 318 3609 praeeunte
336 3536 514 3606 Sclultr‘ngio,
533 3536 567 3604 cf.
587 3551 609 3590 e.
627 3537 685 3604 251
702 3540 718 3588 6
736 3533 767 3586 in
784 3531 843 3586 ulla
862 3531 954 3653 F*(ne
972 3549 1003 3585 m
1020 3532 1073 3585 illa

855 3625 887 3676 te
