2378 3982
136 211 221 276 284·
311 287 313 290 ⁴
487 209 791 266 consummem

136 358 231 419 honos
244 358 340 436 pauci.
355 357 472 436 quando
487 359 566 417 enim
580 358 801 417 rarissimarum
809 356 1022 416 recitationum
1031 356 1138 418 tamaio

113 454 229 509 stotam
246 444 354 506 urbem
371 442 529 523 penetrat?
552 445 662 505 nedum
684 451 719 504 ut
740 461 795 522 per
813 450 858 504 tot
875 446 1047 521 provincias
1064 445 1137 504 inno

137 540 239 595 tescat
272 536 381 612 quotus
400 535 536 612 quisque,
554 551 623 593 cum
641 550 676 592 ex
696 531 837 611 Hispania
856 531 903 591 vel
922 533 1000 612 Asia,
1019 531 1137 611 nequid

137 622 174 682 de
189 619 278 681 Gallis
292 621 403 681 nostris
416 619 529 700 loquar,
547 621 578 680 in
593 618 699 680 urbem
712 622 801 701 venit,
816 618 947 679 Saleium
961 619 1086 681 Bassum
1099 637 1136 683 re
1150 656 1153 675 ι

138 706 251 789 quirit?
269 715 357 788 atque
372 708 444 768 adeo
459 710 484 768 si
499 709 566 787 quis
580 709 715 788 requirit,
734 715 769 768 ut
781 706 873 768 semel
887 708 970 788 vidit,
990 709 1097 769 transit
1112 714 1136 768 et

138 803 296 857 contentus
314 803 372 876 est,
395 803 430 856 ut
447 797 474 856 si
491 798 638 874 picturam
657 795 785 875 aliquam
802 794 849 856 vel
870 803 998 856 statuam
1016 795 1153 858 vidisset.

99 908 125 948 ro
138 903 235 963 neque
253 884 334 945 hunc
351 902 452 944 meum
470 901 637 945 sermonem
651 885 694 944 sic
709 885 804 962 accipi
816 882 895 964 volo,
917 891 1069 963 tamquam
1086 871 1153 964 333,ἶ

139 972 248 1052 quibus
262 978 368 1033 natura
386 989 440 1032 sua
458 973 620 1033 oratorium
633 973 785 1050 ingenium
800 971 963 1053 denegavit,
981 964 1153 1033 deterream

137 1058 371 1138 acuminibus,
398 1062 425 1120 si
451 1060 538 1120 modo
561 1062 593 1121 in
615 1060 670 1120 hac
694 1059 862 1120 studiorum
888 1067 974 1139 parte
998 1060 1136 1122 oblectare

137 1151 232 1210 otium
250 1155 281 1209 et
298 1165 407 1209 nomen
424 1149 559 1223 inserere
575 1155 701 1226 possunt
719 1148 820 1208 lamae.
862 1165 916 1226 ego
935 1166 1007 1209 vero
1031 1165 1135 1209 omnem

138 1237 337 1317 eloquentiam
351 1253 513 1314 omnesque
527 1237 592 1296 eius
606 1243 706 1313 partes
721 1253 820 1296 sacras
832 1243 862 1297 et
871 1230 1057 1297 venerabiles
1065 1244 1133 1317 puto,

99 1346 125 1388 3
139 1342 196 1386 333
215 1325 311 1386 solum
329 1323 509 1385 cothurnum
527 1330 660 1383 vestrum
678 1331 729 1384 aut
746 1323 862 1384 heroici
876 1326 1019 1385 carminis
1033 1317 1153 1404 33333,

139 1413 191 1474 sed
209 1413 370 1492 lyricorum
380 1428 498 1490 quoque
517 1411 732 1471 iucunditatem
750 1418 781 1472 et
794 1411 946 1490 elegorum
963 1411 1097 1474 lascivias
1111 1417 1130 1471 et

138 1500 305 1561 iamborum
313 1498 540 1560 amaritudinem
553 1505 583 1560 et
590 1501 834 1578 epigrammatum
843 1499 928 1561 lusus
937 1508 968 1561 et
978 1517 1129 1580 quamcun

139 1606 197 1668 que
215 1587 301 1648 aliam
320 1588 450 1665 speciem
468 1586 636 1666 eloquentia
654 1587 756 1668 habet,
784 1588 1020 1666 anteponendam
1039 1589 1129 1651 ceteris

139 1675 263 1736 aliarum
277 1676 385 1736 artium
404 1675 511 1736 studiis
530 1676 628 1736 credo.
652 1675 704 1736 sed
723 1683 824 1737 tecum
836 1675 919 1756 mihi,
937 1675 1078 1758 Materne,
1094 1691 1129 1736 res

98 1789 125 1829 33
139 1771 192 1846 331,
204 1764 296 1847 quod,
312 1782 381 1825 cum
392 1772 498 1825 natura
507 1770 537 1826 te
546 1765 637 1825 tuain
646 1765 740 1842 ipsam
750 1781 849 1824 arcem
863 1764 1050 1842 eloquentiae
1063 1766 1130 1842 ierat,

138 1869 239 1913 errare
253 1854 345 1913 mavis
359 1859 390 1914 et
403 1870 518 1914 summa
532 1851 694 1929 adepturus
707 1854 739 1912 in
748 1851 909 1913 levioribus
919 1852 1067 1914 subsistis.
1076 1851 1131 1914 uisi

137 1943 170 2001 in
191 1940 312 2002 Graecia
330 1948 418 2001 natus
436 1958 527 2019 esses,
555 1939 607 2000 ubi
624 1938 754 2000 ludicras
773 1958 891 2019 quoque
915 1943 988 2001 artis
1007 1955 1130 2002 exercerc

137 2029 297 2091 honestum
315 2037 373 2108 est,
391 2047 425 2089 ac
444 2028 500 2089 tihi
513 2027 674 2088 Nicostrati
694 2027 786 2088 robur
800 2046 835 2089 ao
848 2031 926 2089 vires
941 2029 1129 2108 di'dedissert,

139 2135 199 2177 non
221 2123 341 2194 paterer
363 2118 497 2176 inmanes
520 2114 586 2175 illos
605 2124 635 2177 et
652 2115 689 2175 ad
706 2134 836 2194 pugnam
858 2124 943 2177 natos
961 2116 1087 2178 lacertos
1101 2115 1130 2176 13

99 2229 125 2270 ss
138 2206 228 2265 vitate
241 2202 331 2264 iaculi
345 2211 395 2264 aut
409 2205 489 2264 iactu
504 2203 579 2264 disci
592 2222 763 2285 vanescere,
781 2206 825 2266 sic
844 2223 925 2266 nunc
938 2212 967 2265 te
982 2205 1019 2265 ab
1034 2205 1130 2267 audito

139 2293 193 2352 riis
207 2299 237 2351 et
247 2291 375 2351 theatris
389 2293 420 2352 ln
434 2291 532 2352 iorum
546 2292 626 2353 etad
641 2309 745 2353 causas
761 2300 791 2353 et
804 2292 841 2353 ad
856 2311 924 2353 vera
938 2293 1051 2371 proelia
1064 2309 1131 2372 voco,

139 2397 208 2440 cum
225 2380 401 2457 praesertim
419 2397 457 2440 33
476 2379 512 2440 ad
531 2379 604 2440 illud
625 2380 744 2484 quidem
763 2381 923 2459 confugere
941 2383 1048 2463 possis,
1066 2378 1153 2493 quodq

138 2467 289 2547 plerisque
304 2470 515 2548 patrocinatur,
534 2475 683 2546 tamquam
701 2469 800 2529 miuus
819 2468 980 2531 obnoxium
999 2472 1039 2530 sit
1057 2441 1153 2555 olion-l

140 2574 189 2616 333
208 2563 362 2634 poetarum
381 2574 469 2635 quam
488 2563 640 2616 oratorum
658 2556 799 2617 studium.
822 2557 990 2619 effervescit
1009 2561 1086 2619 enim
1098 2557 1153 2616 vis

99 2669 126 2709 so
138 2644 356 2723 pulcherrimae
370 2652 492 2706 naturae
506 2652 588 2724 tuae,
606 2662 662 2705 nec
676 2662 731 2722 pro
746 2646 839 2705 amico
854 2645 966 2726 aliquo,
986 2647 1052 2728 sed,
1067 2643 1133 2726 quod

138 2731 336 2812 periculosius
350 2741 408 2812 est,
426 2750 481 2810 pro
496 2731 605 2792 Catone
620 2732 752 2793 offendis.
787 2751 843 2794 neo
862 2741 1023 2796 excusatur
1036 2735 1135 2796 3113333

139 2819 359 2881 necessitudine
373 2819 464 2880 oiiioii
477 2827 528 2880 aut
541 2820 599 2880 tide
613 2820 812 2881 advocationis
826 2829 877 2883 aut
891 2822 1031 2883 fortuitae
1050 2831 1080 2884 et
1096 2839 1136 2882 su·

210 2972 256 3042 1o,
270 2971 511 3027 irarissimarum
529 2973 607 3027 libri.
631 2970 849 3028 clarissimarum
867 2974 984 3042 Steioer,
1002 2973 1138 3029 rarissime

137 3044 238 3098 harum
255 3044 411 3110 Androneo,
432 3042 479 3097 vel
496 3042 812 3111 praeclarissimorum
799 3060 857 3112 epse
873 3015 1026 3114 quooddm,
1048 3044 1140 3100 harum

139 3115 291 3186 Sedlmayr,
314 3084 422 3170 Wieue’r
440 3114 557 3169 Studien
574 3114 619 3181 ΙΙ,
634 3118 687 3170 153
712 3117 716 3183 Ι
741 3119 756 3168 'l
776 3112 877 3169 Galliis
895 3115 1041 3200 Schultenp
1056 3116 1061 3187 l
1081 3114 1141 3172 831

138 3185 298 3242 Acidaliae:
318 3186 347 3240 31
370 3186 376 3255 1
402 3191 435 3240 16
454 3183 608 3253 alogiorum
625 3184 674 3239 Bo
698 3186 704 3253 Ι
729 3190 762 3239 17
781 3186 811 3239 31
828 3187 892 3242 add.
911 3186 1060 3242 1131131333
1083 3191 1089 3256 Ι
1112 3190 1140 3240 18

138 3255 227 3310 habet
243 3255 405 3311 Emmaus.
428 3254 534 3309 hebeat
558 3256 562 3323 Ι
588 3260 621 3308 19
634 3254 771 3378 alierum)
791 3255 924 3310 altiorum
941 3256 1143 3325 1331333333

138 3324 322 3381 liberalium?
345 3328 350 3395 Ι
380 3325 734 3392 10131133131111,3313
764 3327 989 3383 333111313131133
1013 3329 1018 3396 Ι
1043 3343 1133 3384 arcem

139 3398 228 3451 artem
252 3399 258 3468 1
282 3402 316 3451 11
335 3396 463 3466 adeptus,
481 3412 529 3452 333
546 3395 694 3452 Acidaliae
714 3399 718 3464 Ι
738 3396 860 3452 1413133
878 3397 1028 3466 333133
1048 3397 1135 3470 [iactu

133 3466 308 3590 ⁸godgfeaeppl
333 3415 510 3523 1831133133
527 3465 847 3523 1131131133.οῆ3331333
871 3470 875 3537 Ι
905 3467 1125 3525 1931133333331

190 3552 263 3591 oen
286 3552 316 3594 es
