2378 3982
162 210 229 275 274
512 207 817 264 communitatem

164 357 319 417 festinatae
340 356 445 416 mortis
463 356 574 433 grande
596 355 738 416 solacium
756 355 825 416 tulit
842 357 974 417 evasisse
994 365 1164 436 postremum

163 444 236 504 illud
250 451 377 524 tempus,
392 461 450 523 quo
460 443 645 504 Domitianus
659 462 720 504 non
733 446 792 504 iam
805 461 860 523 per
873 445 1035 506 intervalla
1044 463 1080 508 ac
1090 448 1161 527 spire

163 539 263 592 menta
276 539 457 611 temporum,
482 532 534 591 sed
553 533 695 593 continuo
710 540 741 593 et
754 532 836 592 velut
848 550 908 592 uno
923 534 991 594 ictu
1005 533 1158 614 rempubl
1183 535 1186 612 ξ

123 639 229 685 accam
242 619 386 680 exhausit.
624 667 627 672 .
1181 660 1186 700 Η

230 704 283 769 45.
305 707 370 767 Νοι]
388 707 462 767 vidit
479 706 616 785 Agricola
633 705 786 767 obsessam
804 708 918 768 curiam
932 715 964 768 et
983 708 1155 772 clausumtr
1179 748 1186 783 1.

163 799 221 858 mis
234 802 370 856 senatum
384 803 415 856 et
429 795 532 855 eadem
546 802 644 873 strage
659 801 705 854 tot
718 794 920 856 consularium
934 797 1056 880 caedes,
1072 806 1153 860 totus
1176 836 1186 895 p,

163 885 375 945 bilissimarum
389 884 566 943 seminarum
580 882 666 943 exilia
690 890 720 943 et
738 883 832 962 fugas.
854 901 916 944 una
934 884 1036 948 adhuc
1055 888 1101 948 vic
1119 907 1153 940 w

164 972 257 1033 Carus
275 971 383 1032 Metius
401 970 591 1051 censebatur,
612 978 643 1031 et
660 972 739 1031 intra
757 970 900 1032 Albanam
914 989 1016 1034 arcem
1031 991 1088 1036 sen
1105 987 1136 1027 w
1173 998 1186 1071 ,r

139 1058 316 1124 sMessalini
330 1058 493 1140 strepebat,
517 1066 547 1119 et
564 1059 660 1119 Massa
679 1057 808 1120 baebius
827 1057 914 1137 [iam]
933 1067 1000 1122 tum
1014 1080 1088 1124 reus
1107 1091 1108 1095 ¹
1142 1087 1151 1104 *¹
1172 1086 1186 1142 g

163 1167 231 1209 mox
245 1155 364 1208 nostrae
379 1147 490 1209 duxere
504 1147 671 1208 Helvidium
684 1148 716 1206 in
730 1165 882 1208 carcerem
892 1165 1013 1231 manus;
1029 1167 1085 1212 nos
1172 1187 1186 1228 μ

163 1238 220 1297 rici
233 1235 408 1319 Rusticique
422 1238 517 1316 visus,
536 1253 591 1296 nos
604 1236 758 1296 innocenti
771 1237 915 1314 sanguine
936 1235 1065 1300 Senecio
1087 1265 1112 1291 ιι-
1130 1238 1143 1269 ¹'
1179 1280 1186 1315 a

164 1325 216 1385 dit.
246 1323 325 1384 Nero
339 1331 438 1382 tamen
452 1322 600 1383 subtraxit
612 1321 714 1383 oculos
729 1341 800 1384 suos
813 1324 961 1403 iussitque
975 1325 1098 1408 scelera,
1119 1359 1121 1377 .
1182 1349 1186 1360 ·

164 1413 321 1492 spectavit:
334 1412 493 1490 praecipua
512 1409 568 1469 sub
586 1409 751 1472 Domitiano
765 1413 954 1474 miseriarum
967 1431 1040 1493 pars
1058 1420 1117 1476 erat
1135 1459 1136 1463 ,
1170 1405 1185 1487 J.

124 1524 151 1563 ιο
164 1501 235 1560 dere
254 1505 285 1558 et
298 1499 399 1577 aspici,
417 1515 487 1583 cum
501 1499 628 1577 suspiria
643 1506 745 1560 nostra
756 1498 1030 1583 subscriberentur,
1044 1519 1110 1564 oum
1175 1564 1177 1573 .

164 1586 301 1647 notandis
315 1593 360 1645 tot
377 1585 530 1646 hominum
549 1585 711 1664 palloribus
725 1588 878 1650 sufficeret
890 1606 997 1651 saevus
1012 1589 1064 1652 ille
1086 1618 1088 1624 ¹
1102 1618 1104 1640 1
1120 1616 1130 1643 r
1181 1644 1184 1659 ,

164 1682 194 1735 et
211 1673 313 1754 rubor,
329 1691 387 1751 quo
402 1692 434 1734 se
449 1681 552 1735 contra
566 1675 711 1752 pudorem
724 1675 885 1737 muniebat.
1181 1746 1186 1755 ·

226 1755 275 1822 'Tu
289 1779 359 1822 vero
379 1761 457 1842 felix,
475 1762 623 1843 Agricola,
642 1781 702 1823 non
720 1765 797 1824 vitae
816 1771 932 1825 tantum
949 1764 1101 1849 claritate,
1136 1807 1139 1813 ,
1181 1801 1186 1841 t

164 1852 252 1912 etiam
263 1853 488 1930 opportunitate
501 1853 615 1911 mortis.
633 1859 667 1911 ut
675 1851 835 1930 perhibent
850 1853 1128 1932 quiintcrfuernnt
1147 1871 1154 1880 ¹

124 1961 150 2002 as
163 1941 293 2003 vissimis
307 1939 495 2001 sermonibus
510 1941 584 2019 tuis,
603 1946 742 2000 constans
757 1947 787 2000 et
804 1939 900 2001 libens
914 1941 1008 2002 iatum
1024 1961 1109 2005 exce
1142 1951 1157 2011 ῑ,

164 2036 313 2108 tamquam
335 2045 390 2107 pro
414 2028 492 2088 virili
514 2028 651 2105 portione
669 2029 868 2088 innocentiam
889 2030 1022 2108 principi
1040 2031 1109 2092 dos:
1136 2073 1159 2084 πη

164 2117 216 2178 sed
240 2115 316 2176 mihi
333 2114 470 2194 filiaeque
490 2117 555 2175 eius
573 2122 693 2195 praeter
711 2116 904 2177 acerbitatem
922 2120 1060 2196 parentis
1080 2138 1098 2181 e

163 2211 251 2283 auget
264 2205 454 2283 maestitiam,
475 2203 553 2281 quod
574 2204 709 2264 adsidere
723 2203 899 2285 valetudini,
920 2206 1023 2268 lovere
1038 2207 1138 2269 deliel

164 2299 237 2372 tem,
257 2292 360 2351 satiari
373 2290 456 2352 vultu
471 2291 685 2371 complexuque
710 2310 771 2352 non
790 2294 922 2372 contigit.
952 2297 1087 2375 excepis
1100 2324 1128 2349 a..

124 2402 150 2442 ao
164 2386 245 2441 certe
259 2378 396 2439 mandata
410 2396 569 2460 vocesque,
589 2398 662 2458 quas
679 2382 799 2459 penitus
819 2382 916 2442 animo
930 2381 1104 2461 figeremus
1131 2426 1133 2430 »

163 2475 225 2528 ster
239 2467 288 2528 bic
303 2466 401 2547 dolor,
426 2474 562 2528 nostrum
575 2466 695 2548 vulnus,
718 2468 805 2529 nobis
822 2476 883 2529 tam
900 2468 1006 2548 longae
1025 2470 1129 2534 abaco
1181 2500 1186 2553 ,ι

163 2556 337 2618 condicione
347 2562 415 2616 ante
425 2555 653 2635 quadriennium
667 2557 794 2617 amissus
808 2564 862 2618 est.
886 2559 983 2618 omnia
994 2561 1061 2621 sine
1084 2586 1127 2613 w
1154 2581 1155 2586 ¹
1175 2593 1181 2618 t

163 2648 273 2722 optime
287 2650 458 2722 parentum,
482 2643 635 2704 adsidente
654 2645 854 2705 amantissima
877 2663 971 2706 uxore
997 2664 1094 2728 super
1113 2674 1132 2701 14

163 2732 270 2804 honori
289 2739 355 2793 tuo:
372 2730 565 2810 paucioribus
585 2738 683 2792 tamen
701 2731 831 2793 lacrimis
849 2733 1052 2812 comploratus
1076 2754 1123 2819 es,
1145 2774 1147 2779 2
1172 2741 1176 2756 ²

123 2840 150 2882 ss
163 2821 322 2880 novissima
335 2820 367 2879 ln
380 2817 447 2879 lucc
462 2818 667 2881 desideravere
681 2818 792 2899 aliquid
807 2820 885 2892 oculi
899 2823 951 2883 tul
989 2898 991 2902 μ

235 2971 311 3038 45,1
331 2958 440 3025 clusum
456 2971 485 3025 A
510 2972 514 3039 Ι
539 2976 557 3025 4
576 2970 662 3026 Carus
680 2969 784 3026 Metius
802 2970 967 3029 Rbemmma:
987 2973 1120 3047 charus(

164 3060 211 3098 rus
229 3042 267 3110 Β)
290 3039 388 3096 mitius
417 3043 421 3110 Ι
451 3039 544 3096 diam
562 3058 612 3096 om.
631 3043 668 3109 B,
688 3041 775 3096 etiam
792 3043 853 3096 tum
871 3043 901 3098 J.
921 3042 973 3099 Fr.
993 3045 1143 3103 6111101111

165 3121 181 3168 6
205 3111 370 3166 Mauricium
395 3111 569 3180 Rusticumq.
589 3111 736 3167 didicimus
759 3129 854 3182 margo
870 3113 912 3180 A,
939 3130 1024 3184 qoam
1048 3141 1069 3165 -a
1101 3119 1131 3163 ὃ,

163 3201 224 3239 ram
242 3199 295 3238 eoae
313 3184 472 3251 (admodum
484 3185 631 3251 infelicem)
646 3183 795 3252 Pmnpomii
807 3183 891 3240 Laeta·
908 3191 1035 3255 apparet,
1053 3193 1088 3244 cst
1110 3216 1144 3232 .·

164 3255 289 3310 lectiones
305 3254 338 3308 im
354 3270 440 3323 morp.
458 3254 501 3321 A,
520 3255 593 3309 velot
609 3253 688 3320 imsra
705 3271 730 3309 o.
744 3259 784 3311 24
806 3259 810 3319 Ι
834 3260 849 3308 l
868 3253 945 3308 visus
962 3255 1084 3313 horrore
1100 3257 1159 3313 Hm·

163 3326 270 3380 riclam
289 3324 294 3393 Ι
314 3323 428 3378 Senetio
447 3325 453 3394 1
474 3331 506 3378 11
521 3323 634 3394 'pallore
652 3323 748 3378 oribus
772 3324 862 3395 Weml
884 3331 916 3379 12
936 3341 991 3393 quo
1010 3326 1138 3398 Lepcim

166 3411 221 3463 quo
243 3395 248 3466 Ι
270 3399 303 3448 14
320 3394 510 3464 perhiberent,
528 3412 576 3450 am.
596 3396 788 3464 Puteolanus!
809 3401 843 3449 17
861 3393 933 3467 eius]
953 3397 1022 3452 tuae
1041 3397 1161 3456 Cometa

163 3468 230 3532 aem}
247 3470 280 3519 19
298 3466 478 3535 excepissem,
497 3483 546 3521 cm.
566 3466 689 3521 Picbmo
708 3471 715 3533 t
735 3471 769 3519 21
787 3463 870 3520 nobis
888 3482 939 3522 orn.
956 3467 985 3521 B
1001 3471 1007 3536 Ι
1022 3467 1114 3542 longa
1128 3465 1162 3533 A

163 3534 313 3588 nostraeB
328 3537 334 3605 Ι
350 3533 545 3591 Antriennium
558 3535 663 3592 Urlichs
678 3538 684 3608 Ι
699 3535 1020 3595 omissuceaRbemamta
1035 3541 1041 3608 Ι
1058 3547 1097 3597 24
1112 3564 1144 3586 »c
