2378 3982
139 202 206 267 280
491 197 662 255 CORNELII
678 196 799 254 ΤΑΟΙΤΙ
864 215 867 220 ·

139 347 308 410 iucunditas
322 365 383 408 non
395 364 456 407 uno
471 346 569 426 aliquo
583 353 741 427 momento,
759 345 813 407 sed
828 344 974 406 omnibus
988 362 1084 425 propo
1094 345 1136 407 dio

139 435 196 497 hus
211 454 245 496 ac
258 453 352 515 prope
367 435 504 496 omnibus
518 435 600 494 horis
614 435 767 512 contingit
800 432 872 513 quid
890 435 978 494 enim
991 433 1135 495 omousi

139 699 447 779 splendidissimorum
461 695 637 759 hominum?
650 698 741 777 idque
756 699 834 759 scire
847 715 908 758 uon
923 701 1133 780 pecuniaque

138 787 272 868 orbitati,
295 805 355 848 non
378 787 468 847 officii
491 786 615 847 alicuius
642 786 904 867 administrationi,
929 786 986 847 sed
1016 785 1075 848 sihi
1093 785 1134 865 ipfl

139 873 224 937 dari?
238 879 319 955 ipsos
334 877 407 955 quin
419 877 509 936 immo
524 874 613 935 orbos
628 881 658 934 et
670 873 833 954 locupletes
850 881 881 934 et
893 880 1042 953 potentes
1055 875 1132 936 renio
1170 884 1181 931 t

138 964 314 1043 plerumque
333 964 370 1026 ad
387 965 524 1024 iuvenem
543 962 765 1042 et'pauperem,
783 969 817 1023 ut
837 969 889 1046 aut
907 979 963 1023 sua
977 971 1036 1024 aut
1049 964 1133 1024 amb·
1170 980 1181 1020 r

99 1078 125 1118 ιο
138 1069 206 1112 rum
225 1051 397 1112 discrimina
415 1051 629 1112 commendent.
659 1049 757 1111 ullane
774 1056 856 1110 muta
873 1050 1049 1128 ingentium
1066 1066 1133 1130 opru

139 1158 173 1202 ac
193 1158 316 1218 magnae
334 1142 483 1218 potentiae
501 1138 635 1217 voluptas
654 1156 743 1216 quam
762 1144 896 1217 spectare
915 1137 1059 1199 homines
1075 1145 1134 1199 rote
1171 1156 1181 1195 a

138 1247 187 1289 res
206 1236 237 1289 et
257 1245 344 1288 sones
358 1235 389 1288 et
402 1229 494 1288 totius
508 1227 592 1289 urbis
606 1228 700 1304 gratia
714 1226 857 1287 subnixos
870 1227 903 1286 iu
917 1243 1040 1288 summa
1053 1240 1136 1288 reru
1171 1244 1181 1284 r

139 1319 272 1377 omnium
292 1315 471 1376 abundantia
485 1316 672 1390 confitentes,
690 1314 721 1374 id
736 1314 815 1392 quod
829 1315 978 1392 optimum
994 1316 1037 1375 sit
1048 1333 1081 1375 se
1171 1324 1181 1373 t

138 1401 271 1466 habore?
284 1406 343 1464 iam
356 1421 426 1462 vero
441 1404 493 1481 qui
506 1409 674 1480 togatorum
688 1404 846 1464 comitatus
860 1409 891 1462 et
903 1401 1064 1480 egressus!
1170 1405 1181 1461 i

99 1519 125 1559 15
139 1495 171 1553 in
183 1491 303 1572 publico
318 1488 447 1568 species!
457 1508 532 1569 quae
546 1492 578 1549 in
590 1491 709 1551 iudiciis
724 1487 887 1552 veneratiot
901 1490 985 1568 quod
1000 1491 1138 1570 illudgm·
1173 1491 1181 1547 t

140 1580 222 1640 dium
231 1577 432 1656 consurgendi
441 1577 885 1656 adsistendiqueintertacentes
894 1580 1077 1641 etinunum
1085 1596 1141 1641 con

139 1664 254 1727 versos!
268 1667 349 1726 coire
362 1665 507 1745 populum
520 1674 551 1727 ct
559 1666 758 1727 circumfundi
765 1683 905 1727 coronam
914 1673 945 1726 et
953 1666 1141 1748 acciperead

21 1801 26 1812 .
139 1755 259 1836 fectum,
270 1772 487 1833 quemcumque
496 1762 597 1814 orator
605 1752 749 1815 induerit!
763 1753 895 1833 vulgaria
903 1753 1142 1835 dicentiumque

139 1844 187 1904 dia
210 1851 240 1904 et
257 1845 465 1923 imperitorum
488 1860 606 1922 quoque
627 1840 721 1902 ocrrlis
746 1844 880 1922 exposita
897 1860 1084 1921 percenseo:
1103 1842 1143 1904 ua

100 1959 127 1998 ιο
140 1934 302 1993 secretiora
323 1939 353 1992 et
371 1939 485 1991 tantum
500 1933 574 2010 ipsis
587 1929 741 1991 orantibus
759 1938 829 1990 nota
847 1932 959 1990 maiora
980 1940 1063 1994 sunt
1093 1933 1144 1994 siro

139 2028 307 2082 accuratam
320 2020 551 2097 meditatamque
565 2019 679 2096 profert
692 2019 869 2099 orationem,
887 2026 934 2079 cst
949 2019 1104 2097 quoddam
1115 2021 1145 2081 d

140 2117 192 2170 cut
203 2110 298 2188 ipsius
313 2108 465 2187 dictionis,
485 2109 527 2167 ita
540 2105 640 2184 gaudii
653 2106 769 2185 pondus
783 2113 814 2166 et
826 2109 1010 2189 constantia3
1024 2109 1091 2170 sire
1103 2126 1145 2170 uo

139 2214 205 2256 vam
223 2204 254 2256 et
271 2203 423 2256 recentem
446 2213 549 2255 curam
566 2212 626 2254 nou
644 2195 709 2254 sine
727 2192 824 2273 aliqua
842 2194 1045 2273 trepidatione
1065 2196 1145 2258 anisi

37 2353 41 2361 ¹
140 2283 281 2362 attulerit,
294 2285 360 2361 ipsa
378 2282 545 2344 sollicitudo
567 2282 753 2343 commendat
766 2290 905 2344 eventum
919 2289 949 2342 et
963 2281 1145 2346 lenocinatur

99 2398 127 2440 ‚5
140 2370 292 2450 voluptati.
325 2370 378 2431 sed
396 2371 604 2449 extemporalis
622 2370 868 2450 audaciaeatque
886 2372 984 2450 ipsius
1002 2374 1144 2434 temerita
1178 2393 1181 2435 r

140 2462 179 2521 tis
206 2458 253 2519 vel
277 2462 437 2538 praecipua
450 2459 628 2520 iucunditas
651 2466 710 2540 est5
736 2476 804 2519 nam
828 2462 860 2521 ia
882 2460 1004 2538 ingenio
1024 2477 1144 2542 quoquc,

141 2550 219 2611 sicut
231 2549 262 2609 in
277 2567 357 2629 agro,
372 2544 630 2628 quamquam†alia
638 2547 689 2608 diu
702 2554 839 2607 serantur
849 2554 938 2626 atque
949 2547 1143 2628 elaborentuq
1173 2572 1178 2611 r

140 2639 269 2714 gratiora
283 2645 382 2697 tamen
397 2655 472 2716 quae
486 2655 541 2697 sua
555 2642 660 2714 sponte
674 2642 846 2696 nascuntur.

208 2723 236 2784 7.
259 2724 419 2805 Equidem,
437 2731 471 2784 ut
484 2724 521 2784 de
534 2743 583 2784 me
597 2725 661 2802 ipso
676 2723 783 2803 fatear,
796 2741 857 2783 non
871 2740 939 2784 eum
953 2724 1037 2785 diem
1051 2725 1140 2788 laetio

211 2964 268 3033 qe
287 2961 471 3018 iocunditatis
489 2963 538 3017 Bo
563 2964 567 3032 Ι
593 2962 866 3086 [propebdadreaea
921 2969 937 3017 '1
954 2978 1051 3032 neque
1070 2960 1140 3020 officii
1175 2972 1181 3023 ξ

141 3034 199 3090 OF
220 3037 225 3104 Ι
250 3041 267 3090 8
285 3033 417 3114 ipsosoal.
437 3039 462 3088 et
479 3033 587 3088 Haase:
606 3034 676 3087 ustos
728 3033 781 3100 bO,
799 3032 864 3087 illos
933 3033 938 3104 1
964 3040 999 3114 tl
1019 3035 1133 3106 [veteres

139 3107 299 3174 Acidaliae,
319 3104 422 3160 divites
436 3103 571 3159 Heinsius
586 3106 591 3171 Ι
607 3110 640 3158 12
659 3102 737 3158 urbis
749 3104 892 3159 Pithoeus:
911 3103 989 3158 orbus
1006 3106 1011 3172 Ι
1030 3111 1066 3161 1⁶
1083 3104 1115 3160 ill

139 3178 189 3232 at:
208 3176 240 3231 id
258 3180 319 3245 (om.
337 3176 412 3244 Ra.)
460 3181 494 3230 1⁷
513 3190 644 3229 coronam
661 3174 821 3230 Acidaliae:
840 3180 955 3241 coram!
974 3179 1008 3230 18
1027 3175 1141 3244 quaudo·
1178 3189 1181 3232 2

139 3246 368 3387 anstrat
382 3245 515 3371 tute
529 3242 1142 3385 auerruncandae
1179 3268 1181 3287 ψ

139 3395 174 3445 26
191 3388 223 3443 iu
240 3406 292 3444 om.
309 3391 313 3458 1
330 3393 364 3442 27
383 3335 508 3443 aliagom.
529 3387 593 3452 01⁴⁷,
615 3384 698 3439 utilia
716 3388 767 3455 (ael
784 3385 910 3451 utiliora)
929 3358 1005 3453 quaa
1024 3390 1144 3443 sumtu

138 3459 265 3526 mmai,
296 3457 433 3513 solidiora
455 3458 583 3511 serantur
605 3455 708 3525 diuque
730 3455 804 3513 eleb.
826 3455 1002 3526 Peerlkamp,
1020 3458 1146 3514 solidiora

139 3545 212 3600 quae
231 3530 362 3583 seruntur
380 3545 404 3583 a
425 3526 606 3582 elaborentur
623 3528 766 3583 Aadresea
781 3532 785 3597 l
803 3528 828 3598 i,
845 3534 859 3581 1
878 3526 939 3597 ipse
958 3529 975 3583 b
