2378 3982
173 211 239 276 244
364 209 533 265 CORNELII
550 208 671 263 TACITI
689 207 905 264 GERMANIAE
923 216 965 266 46.

173 377 280 420 norum
290 360 424 419 nationes
434 356 1077 440 GermanisanSarmatisadscribamdubito‚
1088 378 1182 439 quam

174 466 262 527 quam
276 446 405 527 Peucini,
420 464 495 525 quos
510 446 628 524 quidam
642 443 798 506 Bastarnas
813 454 927 525 vocant,
941 464 1085 509 sermone
1098 449 1182 530 cultu,

174 536 244 596 sede
258 554 291 597 ae
306 534 463 595 domiciliis
477 544 511 594 ut
525 534 664 594 Germani
677 543 776 613 agunt.
808 534 912 594 sordes
926 536 1066 596 omnium
1081 555 1119 597 ac
1133 546 1181 598 tor·

147 650 160 691 5
174 641 242 702 por:
251 641 303 685 ora
312 641 471 702 procerum
481 621 616 683 conubiis
627 624 728 683 mixtis
738 622 872 683 nonnibil
881 624 912 682 in
923 621 1181 686 Sarmatarumba·

173 711 268 772 bitum
283 712 447 772 foedantur.
467 709 577 771 Venedi
592 711 718 771 multum
732 729 767 771 ex
782 711 915 771 moribus
929 719 1110 794 traxerunt3
1125 733 1180 774 nau

174 799 318 879 quidquid
333 801 412 860 inter
421 799 568 859 Peucinos
582 797 759 877 Fennosque
773 799 914 859 silvarum
925 817 959 860 ac
968 803 1127 862 montium
1137 806 1180 863 eri·

173 891 254 966 gitur
268 888 431 948 latrociniis
449 895 613 966 pererrant.
649 886 681 947 bi
700 895 799 947 tamen
813 890 892 947 inter
905 887 1073 949 Germanos
1089 895 1179 970 potius

173 976 358 1056 referuntur,
377 978 446 1055 quia
464 985 494 1036 et
512 975 614 1035 domos
633 975 727 1053 ligunt
746 984 776 1035 et
794 984 877 1036 scuta
896 983 1015 1054 gestant
1031 987 1062 1038 ct
1078 979 1141 1056 ped

134 1090 160 1130 ω
173 1081 231 1124 usu
246 1071 275 1125 et
288 1062 463 1142 pernicitate
477 1064 619 1143 gaudent:
634 1081 708 1142 quae
723 1066 820 1123 omnia
832 1064 947 1124 diversa
958 1062 1112 1141 Sarmatis
1124 1076 1177 1128 sunt

172 1153 203 1211 in
222 1152 355 1231 plaustro
373 1170 509 1232 equoque
527 1151 702 1212 viventibus.
735 1150 844 1212 Fennis
862 1154 936 1211 mira
959 1152 1085 1235 feritas,
1107 1156 1155 1216 loe

56 1276 59 1282 -
173 1250 344 1319 paupertas:
363 1259 423 1300 non
442 1259 534 1319 arma,
557 1258 617 1300 non
636 1242 718 1318 equi,
736 1235 796 1300 non
814 1248 950 1320 penates;
972 1241 1072 1303 victui
1088 1243 1146 1305 her

173 1331 294 1389 vestitui
312 1328 417 1407 pelles,
437 1328 528 1389 cubili
542 1328 663 1388 humus:
678 1327 757 1388 solae
772 1329 802 1387 in
816 1330 931 1407 sagittis
946 1346 1032 1410 opes,
1053 1349 1136 1410 quas
1150 1336 1156 1347 ‘

174 1419 240 1495 opia
254 1416 327 1476 ferri
341 1415 458 1476 ossibus
473 1424 619 1494 asperant.
637 1415 775 1494 idemque
790 1424 913 1477 venatus
927 1418 1008 1477 viros
1022 1423 1145 1496 pariter

134 1531 160 1570 15
174 1506 297 1564 feminas
311 1503 376 1584 alit3
394 1506 504 1582 passim
519 1506 598 1564 enim
611 1507 789 1565 comitantur
803 1514 977 1584 partemque
991 1509 1130 1584 praedae

173 1601 249 1652 tunt.
279 1609 335 1652 nec
359 1591 623 1653 aliud'inlantibus
645 1593 775 1653 ferarum
797 1593 997 1671 imbriumque
1021 1597 1141 1676 sullugi

173 1697 262 1759 quam
275 1689 310 1740 ut
327 1683 358 1741 in
377 1680 473 1761 aliquo
493 1700 643 1742 ramorum
661 1699 740 1741 nexu
755 1689 961 1759 contegantur:
980 1680 1042 1743 huc
1059 1686 1136 1746 rede

173 1770 308 1850 iuvenes,
327 1769 383 1830 hoc
402 1788 507 1831 senum
525 1769 755 1848 receptaculum.
791 1769 844 1829 sed
863 1768 978 1830 beatius
998 1770 1139 1834 arbitran

174 1875 262 1938 quam
280 1860 430 1936 ingemere
449 1861 541 1939 agris,
564 1856 730 1918 inlaborare
749 1855 899 1936 domibus,
922 1875 992 1917 suas
1011 1859 1130 1922 alienas

134 1973 160 2013 20
174 1946 308 2007 fortunas
327 1965 379 2026 spe
399 1956 539 2025 metuque
553 1963 685 2006 versare:
709 1948 808 2023 securi
822 1945 963 2006 adversus
976 1944 1129 2030 homines,

174 2037 239 2095 curi
258 2035 399 2096 adversus
420 2035 491 2095 deos
510 2051 574 2094 rem
593 2032 795 2094 difficillimam
814 2034 947 2094 adsecuti
966 2043 1054 2116 sunt,
1076 2047 1112 2098 ut
1130 2039 1136 2052 “

173 2141 211 2182 nc
225 2132 292 2183 voto
307 2123 428 2202 quidem
443 2139 518 2200 opus
528 2131 615 2182 esset.
642 2130 740 2182 cetera
754 2124 812 2182 iam
827 2121 970 2183 labulosa:
985 2121 1138 2186 Hellusios

173 2210 302 2270 Oxionas
316 2229 368 2270 ora
381 2209 534 2270 hominum
541 2209 704 2289 voltusque,
719 2228 843 2288 corpora
858 2217 945 2288 atque
959 2218 1046 2272 artus
1054 2213 1102 2274 ler

173 2315 291 2376 gerere:
306 2297 384 2376 quod
400 2314 453 2374 ego
467 2307 501 2358 ut
515 2300 731 2375 incompertum
746 2301 778 2358 in
792 2297 889 2359 medio
904 2298 1082 2379 relinquam

244 2467 321 2537 46,4
339 2469 372 2521 ut
390 2466 562 2522 Germani-
574 2467 753 2522 —Sarmatis
772 2471 806 2536 (o.
822 2462 868 2538 10)
886 2485 936 2524 om.
957 2467 1033 2537 015
1053 2485 1106 2525 ora

173 2555 268 2594 cerum
285 2539 423 2594 Heracus:
452 2555 500 2593 ora
522 2555 572 2594 om.
596 2540 662 2594 libri
685 2538 879 2603 (Peucinorum
898 2555 947 2592 ora
965 2555 1015 2594 nos

174 2613 204 2664 at
222 2626 338 2679 corpora
354 2609 538 2664 Peucinorum
557 2611 682 2678 Mdtzell)
699 2615 702 2677 1
718 2610 820 2664 mixtos
838 2611 892 2677 Bc,
911 2609 1009 2663 mistos
1031 2611 1063 2666 b¹
1078 2613 1085 2680 1
1102 2608 1156 2668 ol

172 2680 234 2735 neti
252 2681 328 2749 (chi)
344 2682 467 2749 plerique
486 2683 492 2749 1
512 2686 528 2734 8
548 2683 577 2734 et
593 2679 624 2733 bi
642 2681 833 2748 Reifferscheid
862 2685 866 2746 1
896 2679 1035 2749 spedum
1053 2681 1141 2754 Lipai

172 2750 311 2820 pecudum
328 2750 391 2818 Bo,
409 2750 536 2820 peditum
554 2751 603 2808 b’c
631 2754 635 2818 1
666 2758 698 2806 13
719 2767 785 2821 opes
804 2751 905 2806 Meiser
923 2752 981 2808 coll.
1000 2767 1023 2806 c.
1040 2755 1071 2807 ὅτ
1094 2768 1157 2826 spes

175 2828 208 2876 17
230 2821 261 2874 in
285 2820 399 2890 obliquo
422 2822 555 2877 Heinsius
583 2825 589 2891 1
618 2828 651 2876 :1
671 2821 867 2876 difficillimam
886 2822 938 2878 Oc:
967 2818 1121 2879 difficilem

175 2894 180 2964 1
195 2895 262 2947 suat
279 2908 329 2948 om.
348 2894 364 2947 b
380 2895 384 2960 1
405 2898 438 2947 22
459 2908 527 2962 opus
546 2892 584 2946 sit
602 2892 752 2949 erenonus
776 2897 780 2958 1
805 2900 839 2947 23
859 2891 974 2947 orionas
993 2895 1049 2960 (·es
1068 2894 1113 2965 Β)
1131 2894 1156 2951 Β

173 2965 219 3020 scd
237 2965 268 3018 in
285 2969 399 3034 utroque
417 2963 526 3018 clionee
544 2980 603 3033 sup.
624 2965 682 3030 lin„
701 2963 815 3018 exionas
826 2963 856 3032 0,
875 2964 910 3032 cf.
931 2963 989 3031 Mf.
1004 2978 1038 3032 p.
1053 2968 1141 3039 2561

146 3044 149 3050 ·
173 3033 267 3090 medio
285 3051 346 3092 nos:
364 3034 460 3090 medii
479 3036 551 3092 libri.
