2378 3982
257 209 351 264 omn.
369 210 418 264 DE
437 208 665 265 omaronfflus
684 217 763 265 a-c.
951 209 1016 274 279

76 353 222 418 ‘Securus
241 352 292 417 sit'
309 359 504 437 inquitAper
522 352 565 418 ‘et
583 356 697 417 Saleius
710 356 820 418 Bassus
834 363 864 417 et
882 358 1017 436 quisquis

10 445 85 507 dius
100 445 233 506 studium
246 447 380 524 poeticae
399 452 429 506 et
443 447 608 506 carminum
621 445 744 523 gloriam
757 445 849 524 fovet,
867 463 936 506 cum
949 463 1017 507 cau·
1031 468 1057 510 ro

10 552 56 594 ras
77 551 165 612 agere
184 551 244 594 non
262 536 364 612 possit.
388 535 549 614 egoenim,
568 540 713 613 quatenus
730 531 876 593 arbitrum
889 532 950 593 litis
963 532 1017 595 hu·

10 629 56 682 'ms
77 623 190 702 inveni,
209 639 269 681 non
287 624 383 700 patiar
400 621 567 683 Maternum
585 623 726 682 socictate
745 620 877 701 plurium
891 620 1018 701 delendi,

10 710 64 770 sed
82 712 180 789 ipsum
200 709 296 770 solum
317 709 395 788 apud
410 729 461 770 vos
475 728 609 789 arguam,
629 709 708 788 quod
727 717 814 771 natus
829 709 865 769 ad
879 707 1017 787 eloquen-

10 799 83 858 tiam
100 797 216 858 virilem
235 805 266 858 et
283 799 451 878 oratoriam,
473 817 531 876 qua
548 815 653 877 parere
672 797 761 858 simul
778 805 809 858 et
826 798 906 858 tueri
920 797 1019 857 amici·

10 887 81 967 tias,
98 886 265 947 adsciscere
283 886 531 966 necessitudines,
555 885 712 964 complecti
728 887 896 964 provincias
914 885 1018 965 possit,
1032 906 1059 948 rc
1132 951 1137 961 ,

10 975 121 1034 omittit
136 974 278 1054 studium,
294 992 352 1053 quo
366 992 426 1035 non
445 974 524 1036 aliud
538 975 570 1034 in
584 976 702 1035 civitate
715 980 818 1034 nostra
832 974 878 1034 vel
891 972 927 1034 ad
941 971 1020 1034 utili-

10 1069 103 1122 tatem
117 1063 299 1124 fructuosius
313 1067 362 1125 ael
373 1065 417 1124 od
426 1066 607 1140 voluptatem
616 1063 736 1124 dulcius
744 1060 791 1121 vel
800 1061 836 1121 ad
846 1061 1019 1139 dignitatem

10 1150 137 1228 amplius
150 1151 197 1211 vel
212 1150 249 1211 ad
263 1150 347 1211 urbis
361 1151 468 1212 lamam
480 1149 635 1230 pulchrius
644 1149 691 1210 vel
701 1149 737 1209 ad
746 1151 838 1210 totius
847 1150 966 1227 imperii
978 1156 1019 1209 at·

10 1255 70 1316 que
96 1240 228 1298 omnium
251 1240 384 1316 gentium
406 1241 541 1299 notitiam
559 1237 715 1299 inlustrius
735 1238 896 1316 excogitari
913 1244 1019 1314 potest

10 1341 80 1387 nam
95 1329 121 1384 si
135 1325 171 1384 ad
185 1324 341 1385 utilitatem
355 1329 433 1387 ritae
447 1328 545 1387 omnia
558 1327 681 1387 consilia
692 1327 828 1405 iactaque
837 1332 940 1386 nostra
949 1325 1019 1385 diri-
1032 1347 1060 1388 ao

10 1411 109 1492 gendo
128 1418 211 1490 sunt,
231 1412 302 1488 quid
320 1419 366 1472 est
384 1416 478 1474 tutius
500 1432 588 1492 quam
602 1433 666 1475 eam
680 1433 820 1475 exercere
834 1421 942 1492 artem,
962 1430 1021 1492 qua

12 1517 131 1579 semper
141 1506 272 1559 armatus
282 1499 464 1577 praesidium
474 1503 584 1581 amicis,
598 1521 684 1580 opem
698 1502 811 1584 alienis,
829 1501 955 1562 salutem
969 1519 1019 1579 pe-

13 1587 221 1667 riclitantibus,
235 1586 343 1646 invidis
357 1604 428 1648 vero
443 1594 474 1647 et
486 1589 614 1648 inimicis
623 1599 734 1652 metum
745 1599 776 1653 et
784 1598 930 1652 terrorem
940 1589 1019 1650 ultro

12 1678 103 1756 ieras,
127 1678 191 1754 ipse
216 1693 341 1736 securus
364 1682 395 1735 et
416 1674 498 1735 velut
520 1676 644 1753 quadam
666 1687 809 1755 perpetua
834 1679 967 1757 potentia
985 1695 1019 1738 ac

12 1772 158 1844 potestate
177 1759 332 1825 munitus?
350 1765 436 1824 cuius
454 1765 499 1823 vis
518 1771 548 1822 et
566 1762 678 1824 utilitas
695 1764 785 1825 rebus
805 1783 948 1843 prospere
965 1765 1019 1825 flu·
1033 1787 1060 1829 so

14 1852 132 1913 entibus
154 1851 279 1912 aliorum
293 1853 430 1930 perfugio
444 1859 474 1911 et
487 1851 580 1911 tutela
592 1850 787 1930 intellegitur:
806 1855 853 1911 sin
866 1854 1021 1930 proprium
1079 1874 1083 1880 ·

12 1940 179 2020 periculum
193 1942 350 2020 increpuit,
364 1957 425 2000 non
438 1939 560 2000 hercule
574 1939 666 2000 lorica
680 1947 710 2000 et
723 1939 838 2018 gladius
851 1941 883 2000 in
897 1941 960 2000 acie
972 1939 1021 1998 iir-

15 2031 93 2089 qus
106 2031 324 2089 munimentum
338 2046 426 2107 quam
440 2046 492 2088 reo
507 2036 537 2088 et
549 2027 730 2107 periclitanti
746 2026 922 2106 eloquentia,
936 2044 1020 2105 prae·

15 2117 124 2178 sidium
142 2117 230 2176 simul
248 2134 282 2177 ae
302 2115 408 2197 telum,
428 2134 486 2195 quo
499 2134 688 2196 propugnare
701 2118 814 2195 pariter
828 2123 859 2176 et
871 2117 1021 2175 incessere

16 2206 74 2266 sive
90 2207 122 2265 in
135 2205 245 2265 iudicio
260 2206 322 2266 sive
335 2207 367 2264 in
377 2212 482 2265 senatu
492 2207 554 2265 sire
563 2204 642 2284 apud
650 2206 817 2285 principem
825 2205 932 2283 possis.
949 2203 1020 2282 quid
1034 2226 1062 2268 ao

18 2293 94 2354 alind
108 2294 225 2354 infestis
239 2291 374 2372 patribus
387 2311 484 2370 nuper
497 2291 607 2370 Eprius
617 2292 774 2354 Marcellus
784 2311 872 2372 quam
882 2292 1021 2371 eloquen-

16 2383 85 2442 tiam
100 2400 184 2443 suam
194 2378 354 2460 opposuit?
367 2399 424 2459 qua
433 2383 584 2443 accinctus
595 2388 625 2441 et
633 2383 732 2442 minax
741 2382 882 2442 disertam
892 2381 1022 2460 quidem,

15 2471 65 2531 scd
81 2471 304 2531 inexercitatam
323 2471 435 2530 eteius
454 2469 534 2529 modi
556 2471 751 2529 certaminum
771 2470 876 2529 rudem
894 2468 1022 2529 Helvidii

13 2560 188 2637 sapientiam
202 2557 299 2619 elusit.
317 2557 403 2635 plura
412 2557 449 2617 de
459 2556 586 2617 utilitate
595 2574 656 2616 non
665 2557 740 2637 dico,
754 2559 804 2617 cui
812 2557 892 2635 parti
899 2557 1021 2615 minime
1056 2567 1058 2571 ’

10 2653 118 2708 contm
132 2646 282 2707 dicturum
296 2645 463 2707 Maternum
476 2662 576 2706 meum
590 2642 728 2705 arbitror.
1034 2665 1061 2706 co

81 2731 112 2795 6.
138 2734 183 2794 td
201 2733 380 2812 voluptatem
403 2735 549 2794 oratoriae
570 2732 756 2811 eloquentiae
775 2739 907 2814 transeo,
934 2733 1020 2793 carius

85 2974 112 3040 5,
127 2980 160 3027 11
180 2990 233 3043 ogo
254 2974 397 3028 Pithoeus:
417 2974 447 3027 et
464 2988 517 3041 ego
542 2975 546 3041 Ι
572 2977 605 3026 12
624 2972 719 3027 inveni
737 2972 876 3027 Rthoccsz
899 2969 1022 3025 muenin

10 3044 182 3114 (invenimus
200 3044 236 3099 A.
256 3044 400 3114 chercer)
417 3046 421 3112 l
437 3043 559 3112 plurium
574 3044 714 3098 Pithoeus:
732 3037 903 3111 plurimum!
920 3047 952 3094 13
970 3057 1021 3095 nos

11 3115 144 3183 Iapetum
172 3131 219 3169 eos
239 3117 316 3185 (eum
335 3114 462 3183 Spengel,
489 3130 519 3167 se
538 3129 689 3182 coarguam
705 3115 863 3178 Androneo,
879 3112 909 3164 te
927 3126 1021 3180 coarg.

14 3186 218 3254 Weissenborn)
235 3188 240 3254 Ι
257 3191 290 3240 15
308 3183 491 3239 necessitates
501 3184 551 3239 Ro
567 3187 571 3253 Ι
588 3190 621 3238 16
637 3181 913 3238 omittitRloeoamcs:
928 3179 1022 3236 amitti

12 3257 17 3328 Ι
35 3263 70 3311 17
88 3256 136 3310 vel
155 3257 192 3310 ad
209 3255 264 3312 vol.
279 3254 424 3311 honesfius
439 3254 559 3323 (dulcius
574 3254 674 3320 Ritter,
693 3251 841 3306 iucundius
853 3252 1022 3324 Nipperdey,

10 3327 129 3381 suavius
148 3326 269 3396 Classen)
287 3328 422 3397 supplevit
441 3326 583 3394 Schulticp
611 3328 616 3394 Ι
645 3329 679 3378 2ο
698 3322 852 3392 derigenda
869 3323 995 3378 derecr
1015 3322 1020 3395 Ι

10 3405 45 3454 21
65 3397 166 3452 utilius
179 3399 345 3467 Acidaliae!
362 3403 397 3451 24
414 3396 488 3451 feras
501 3395 630 3465 Lipsius:
648 3393 721 3448 ferat
736 3395 741 3462 Ι
756 3399 790 3447 22
809 3392 916 3461 inrupit
929 3393 1022 3448 Weiss·

10 3471 95 3538 kauff
119 3471 125 3538 Ι
152 3468 242 3524 lorica
260 3469 289 3522 et
307 3469 436 3524 Scebodea
452 3465 556 3521 loricae
576 3464 675 3535 (lorica
693 3466 742 3518 aut
760 3464 922 3534 Romanus)
952 3467 956 3533 Ι
986 3469 1021 3519 80

10 3541 72 3595 sive
93 3541 169 3610 (ode
186 3538 216 3592 in
234 3538 303 3606 iud.)
323 3540 464 3594 Muretus:
482 3536 529 3590 uel
545 3539 550 3606 Ι
566 3543 599 3591 32
619 3552 675 3606 qua
697 3534 825 3592 Ursinus:
844 3533 894 3604 qui
997 3595 1004 3604 Ι
