2378 3982
375 219 591 276 annulatam
609 227 723 277 att-³1.
984 219 1050 286 235

106 368 173 430 Non
191 371 409 429 numeraverim
430 371 509 430 inter
528 368 701 429 Germaniae
715 365 853 447 populos,
872 385 1050 447 quamquam

49 476 123 519 rans
138 457 273 518 Rhenum
288 457 513 536 Danuviumque
527 455 731 536 consederint,
748 473 800 514 eos
814 457 866 533 qui
880 456 1049 517 decumates
1063 479 1088 522 u

51 563 128 624 gros
143 553 296 607 exercent:
310 545 478 606 levissimus
492 545 619 623 quisque
634 542 784 604 Gallorum
799 551 829 603 et
842 544 941 622 inopia
955 546 1049 606 audax

49 634 152 694 iubiae
168 635 366 713 possessionis
386 633 482 694 solum
500 649 696 712 occuparere;
714 649 782 691 mox
795 630 889 692 limite
903 638 969 691 acto
983 651 1049 711 pro-

49 724 188 801 notisque
201 721 359 800 praesidiis
373 723 457 781 sinus
471 722 590 798 imperii
597 728 627 780 et
635 738 705 799 pars
715 721 884 799 provinciae
894 719 1050 781 habentur.

108 807 160 872 30.
175 809 259 871 Ultra
272 809 328 870 hos
343 809 453 870 Chatti:
471 810 588 869 initium
608 809 687 869 sedis
702 807 738 868 ab
752 806 901 887 llercynio
916 807 993 869 saltu
1007 809 1050 868 iu·

53 897 175 974 ohatur,
188 915 249 957 non
263 898 305 958 ita
319 897 420 958 effusis
434 914 467 958 ao
480 896 664 976 palustribus
677 895 760 976 locis,
774 904 808 957 ut
821 904 938 957 ceterae
950 898 1049 957 cirita·

49 1004 97 1066 es,
111 987 143 1045 in
157 1002 231 1065 quas
245 984 400 1046 Germania
412 987 552 1064 patescit:
566 985 674 1045 durant
692 984 840 1063 siquidem
853 984 956 1065 colles,
979 1002 1049 1063 pau-

49 1075 123 1135 atim
136 1081 305 1154 rarescunt,
319 1081 349 1134 et
363 1073 483 1134 Chattos
497 1091 567 1135 suos
582 1072 675 1134 saltus
684 1072 849 1151 Hercynius
858 1075 1050 1151 prosequitur

49 1161 130 1223 imul
144 1169 232 1240 atque
247 1161 376 1241 deponit.
402 1162 523 1223 duriora
537 1163 620 1240 genti
633 1178 766 1242 corpora,
780 1163 877 1221 stricti
891 1170 983 1240 artus,
996 1162 1077 1224 mis

49 1269 98 1311 rax
112 1249 212 1311 vultus
226 1257 256 1310 et
269 1252 363 1311 maior
377 1252 467 1311 animi
479 1252 571 1329 rigor.
593 1249 729 1330 multum,
743 1257 777 1310 ut
790 1250 869 1309 inter
880 1247 1051 1328 Germanos,

49 1339 166 1399 ationis
189 1356 223 1398 ac
248 1337 409 1400 sollertiae:
431 1355 616 1417 praeponere
634 1337 758 1419 eleetos,
778 1337 881 1399 audire
900 1337 1051 1415 praeposi·

51 1444 98 1506 os,
121 1442 210 1485 nosse
233 1425 362 1505 ordines,
384 1425 556 1503 intellegere
574 1428 758 1507 occasiones,
778 1426 898 1486 diiierre
912 1427 1051 1505 impetus,

49 1516 202 1592 lisponere
220 1512 311 1591 diem,
334 1510 442 1572 vallare
458 1522 589 1595 noctem,
612 1515 760 1576 iortunam
773 1516 853 1575 inter
867 1512 970 1593 dubia,
992 1513 1050 1572 vir·

49 1609 137 1662 utem
155 1602 235 1661 inter
253 1607 334 1662 certa
358 1615 529 1681 numerare,
552 1601 690 1681 quodque
712 1604 898 1663 rarissimum
917 1619 973 1663 nec
991 1602 1050 1661 nisi
1064 1622 1091 1664 ro

49 1689 191 1750 domanae
205 1688 380 1768 disciplinae
394 1706 579 1768 concessum,
592 1688 660 1766 plus
673 1706 818 1767 reponere
831 1693 863 1750 in
877 1690 952 1751 duce
963 1707 1052 1769 quam
1143 1735 1146 1740 .

49 1795 73 1837 m
88 1779 230 1838 exercitu.
254 1794 341 1838 omne
359 1775 453 1837 robur
470 1778 502 1836 in
522 1776 635 1857 pedite,
655 1794 743 1855 quem
761 1794 852 1856 super
865 1796 945 1837 arma
959 1779 1051 1838 lorra-

49 1867 150 1926 nentis
170 1882 289 1943 quoquc
307 1872 338 1926 ot
356 1867 450 1943 copiis
469 1872 605 1926 onerant:
628 1862 701 1924 alios
720 1863 756 1924 ad
779 1863 925 1942 proelium
948 1865 993 1924 ire
1010 1866 1052 1924 ri·

49 1952 126 2032 leas,
149 1951 271 2013 Chattos
294 1951 331 2013 ad
354 1952 472 2014 bellum.
500 1954 561 2014 rari
584 1969 728 2013 excursus
752 1958 782 2012 et
805 1951 926 2011 fortuita
945 1968 1051 2029 pugna.

49 2042 229 2119 equestrium
248 2056 319 2101 sane
336 2041 443 2101 virimn
463 2040 494 2102 ld
507 2042 676 2120 proprium,
695 2041 754 2100 cito
768 2057 874 2119 parere
889 2040 1091 2119 victoriam,1s

49 2129 102 2189 :ito
127 2127 247 2189 cedere:
269 2128 409 2189 velocitas
430 2130 512 2189 iuxta
529 2128 731 2209 formidinem,
758 2128 908 2189 cunctatio
930 2129 1053 2206 propior

49 2217 228 2278 :cnstantiae
242 2223 297 2278 est

109 2302 161 2367 31.
183 2303 222 2365 Et
237 2304 303 2366 aliis
317 2303 530 2367 Germanorum
543 2303 662 2384 populis
676 2311 853 2383 usurpatum
866 2322 933 2364 raro
948 2311 979 2364 et
992 2305 1052 2382 pri·

49 2403 107 2455 'ata
129 2394 275 2471 cuiusque
289 2393 427 2454 audentia
441 2392 520 2472 apud
535 2392 655 2453 Chattos
669 2393 701 2453 in
714 2410 893 2453 consensum
906 2394 1005 2472 vertit,
1018 2398 1052 2452 ut

49 2485 173 2542 trimum
187 2480 381 2562 adoleverint,
402 2483 516 2543 crinem
530 2479 711 2559 barbamque
726 2480 910 2560 submittere,
923 2498 980 2541 nec
993 2481 1053 2539 nisi

49 2577 128 2631 roste
147 2586 233 2630 caeso
252 2586 361 2629 exuere
379 2571 510 2629 votivum
528 2568 749 2646 obligatumque
767 2569 872 2628 virtuti
890 2569 952 2626 oris
970 2565 1052 2626 habi-

49 2673 116 2718 um.
161 2674 252 2736 super
274 2658 448 2736 sanguinem
472 2665 503 2718 et
525 2657 618 2736 spolia
644 2655 776 2716 revelant
793 2655 936 2735 frontem,
960 2671 1079 2734 seques

49 2761 107 2807 um
131 2745 250 2807 demum
273 2747 368 2824 pretia
390 2744 533 2806 nascendi
551 2743 703 2805 rettulisse
722 2743 887 2822 dignosque
904 2745 1000 2823 patria
1017 2761 1052 2805 ac

49 2834 217 2895 ¹arentibus
231 2832 345 2894 ferunt:
362 2835 475 2912 ignaris
490 2840 521 2894 ct
533 2832 701 2894 imbellibus
715 2839 815 2892 manet
829 2831 956 2910 squalor.
994 2833 1052 2891 ior-

49 2911 177 2984 issimus
195 2923 322 3002 quisque
340 2922 471 2983 ferreum
489 2923 614 3000 insuper
627 2919 748 2982 anulum
761 2913 1007 3004 (ignominiosum
1021 2919 1052 2979 ld

113 3126 159 3193 29,
167 3132 200 3181 14
217 3126 455 3181 nnmerenerimns
466 3126 508 3194 01
525 3131 557 3181 15
577 3125 785 3193 danubiumquo
803 3124 852 3179 Bb
868 3123 956 3194 180,1
976 3119 1052 3174 inco-

49 3199 126 3252 latur
143 3198 184 3252 B:
203 3196 338 3252 incohent
355 3197 512 3268 (inchoent)
525 3199 664 3268 pterim
681 3198 759 3251 lectio
776 3196 859 3250 totius
878 3194 930 3248 loci
947 3193 1053 3270 incerta

60 3276 78 3324 3
101 3267 205 3322 durans
225 3269 241 3324 b
259 3285 328 3324 corr.
345 3267 559 3339 {paulatimque
577 3269 738 3332 Rhenanus,
756 3281 795 3320 art
814 3263 863 3318 sed
881 3261 1051 3333 penlehmdl

49 3365 53 3384 ι
75 3339 165 3405 etque
184 3339 208 3394 0
223 3344 249 3393 et
266 3355 335 3394 corr.
354 3341 382 3394 b:
402 3355 435 3393 oc
453 3339 503 3395 Bb
519 3343 523 3404 Ι
539 3345 555 3392 9
575 3337 661 3407 diem]
681 3335 770 3390 eciem
784 3335 912 3388 Weidner
928 3334 932 3400 Ι
948 3338 981 3384 11
997 3330 1052 3385 Ro·

49 3410 155 3479 uenae]
174 3408 284 3464 ratione
304 3409 396 3478 0114
414 3424 478 3463 raro
498 3409 539 3476 01
557 3414 589 3461 1o
607 3421 705 3475 parere
723 3406 860 3459 Heraeus:
884 3417 998 3472 perere,
1016 3403 1052 3470 cf.

49 3485 86 3548 ἑ2,
102 3485 121 3535 3
143 3482 147 3547 Ι
169 3486 202 3534 16
221 3479 335 3534 cedere:
354 3479 454 3534 ceteris
472 3477 609 3533 velocitas
627 3477 751 3531 Euam
771 3473 872 3544 1811
893 3473 953 3545 [Et]
973 3472 1054 3542 Reis-

49 3550 174 3608 'ersclteid
188 3552 194 3620 i
208 3566 273 3605 rora
290 3550 351 3620 11¹1
368 3556 383 3605 t
401 3547 537 3604 noscendi
550 3548 675 3618 plerique
