2378 3982
267 235 270 239 .
300 189 392 244 nmn.
411 190 459 246 nu
478 191 706 271 omuonmus
726 197 837 248 1s-ao.
989 185 991 191 '
1011 192 1077 257 293

74 334 217 419 dicebam,
230 356 299 398 cum
308 337 482 399 condicione
491 346 658 418 temporum
669 347 699 399 et
708 339 878 400 diversitate
893 341 1009 401 aurium
1018 341 1076 400 lor-

77 440 146 487 nant
155 443 274 504 quoque
285 444 318 486 ac
328 429 459 504 speciem
468 429 609 487 orationis
620 445 685 488 esse
694 426 873 488 mutandam.
888 428 1076 507 facileperlo-

79 512 153 575 rebat
162 515 246 592 prior
256 512 305 574 ille
314 514 457 595 populus,
471 522 505 576 ut
519 517 674 593 imperitus
684 523 715 575 et
729 515 821 596 rudis,
840 516 1076 593 impeditissima·

80 616 136 663 rum
145 603 314 662 orationum
321 605 424 684 spatia,
434 611 522 683 atque
532 603 562 663 id
573 605 670 681 ipsum
681 602 829 684 laudabat,
836 605 863 664 si
872 603 997 664 dicendo
1008 607 1074 683 quis
1089 626 1115 667 ro

79 685 147 751 diem
165 691 317 751 eximeret
349 692 408 751 iarn
426 709 496 752 vero
514 690 600 769 longa
617 694 833 770 principiorum
846 693 1031 770 praeparatio
1046 700 1076 753 et

79 779 250 839 narrationis
265 777 322 838 alte
336 780 462 857 repetita
476 781 569 840 series
584 786 614 839 et
622 779 782 840 multarum
792 780 969 840 divisionum
979 787 1076 840 osten·

76 867 140 928 tatio
155 875 187 927 et
199 865 280 926 mille
293 874 535 944 argumentorum
548 866 666 947 gradus,
680 876 711 928 et
725 866 868 946 quidquid
883 866 961 928 aliud
972 867 1075 927 aridis·

73 953 152 1016 simis
165 952 363 1032 Hermagorae
378 962 408 1015 et
422 954 592 1032 Apollodori
606 955 690 1015 libris
703 957 898 1036 praecipitur,
917 957 948 1016 in
962 955 1076 1016 honore

71 1051 146 1124 erat3
164 1041 285 1122 quodsi
300 1044 367 1122 quis
385 1042 525 1104 odoratus
538 1042 755 1126 philosophiam
772 1043 924 1104 videretur
943 1052 974 1104 et
992 1063 1027 1104 ex
1042 1062 1075 1103 ea
1090 1063 1116 1105 aa

67 1123 168 1192 locum
186 1129 315 1209 aliquem
334 1133 460 1191 orationi
483 1148 553 1191 suae
571 1133 730 1211 insereret,
757 1133 789 1192 in
807 1131 921 1192 caelum
939 1130 1076 1192 laudibus

69 1215 232 1280 ferebatur.
267 1235 323 1278 nec
337 1220 459 1299 mirum3
483 1226 567 1279 erant
587 1221 666 1279 enim
686 1218 760 1281 haec
779 1237 854 1280 nova
875 1226 905 1280 et
918 1220 1076 1300 incognita,

66 1314 100 1366 et
114 1309 247 1385 ipsorum
267 1323 385 1385 quoque
404 1314 555 1368 oratorum
568 1307 739 1386 paucissimi
752 1314 909 1386 praecepta
923 1307 1076 1368 rhetorum

66 1401 122 1456 aut
139 1392 383 1474 philosophorum
400 1393 507 1472 placita
528 1403 734 1474 cognoverant.
771 1404 801 1456 at
817 1394 940 1456 hercule
958 1393 1077 1473 pervul-
1096 1472 1099 1479 ι

64 1483 145 1559 gatis
159 1484 218 1542 iam
231 1481 377 1562 omnihus,
391 1501 459 1542 cum
474 1485 521 1542 vix
534 1485 566 1544 in
576 1485 689 1544 cortina
700 1486 856 1564 quisquam
863 1483 994 1564 adsistat,
1005 1484 1076 1562 quin
1089 1503 1116 1544 eo

64 1571 224 1631 elementis
242 1571 422 1649 studiorum,
445 1572 502 1630 etsi
520 1589 579 1630 non
598 1573 777 1652 instructus,
796 1579 826 1632 at
844 1579 925 1632 certe
943 1569 1076 1632 imbutus

65 1661 122 1739 sit,
151 1659 236 1719 novis
256 1665 286 1719 et
305 1659 460 1736 exquisitis
480 1657 665 1737 eloquentiae
683 1659 841 1720 itineribus
859 1678 935 1738 opus
950 1666 1004 1740 est,
1022 1677 1077 1738 per

67 1763 146 1826 quae
164 1753 265 1807 orator
283 1746 434 1807 fastidium
448 1748 565 1807 aurium
579 1747 706 1825 effugiat,
725 1748 829 1825 utique
844 1747 921 1824 apud
936 1765 987 1807 eos
1001 1747 1076 1807 iudi·

68 1853 129 1915 ces,
152 1837 204 1914 qni
221 1835 251 1894 vi
269 1841 298 1894 et
316 1841 475 1914 potestate,
500 1852 560 1895 non
577 1836 643 1894 inre
666 1840 717 1894 aut
741 1833 856 1912 legibus
879 1841 1076 1913 cognoscunt,

69 1939 126 1982 nec
145 1923 295 2001 accipiunt
312 1929 458 2002 tempora,
482 1922 533 1982 sed
554 1923 751 2002 constituunt,
769 1939 826 1981 nec
845 1921 1075 1999 exspectandum
1089 1941 1117 1982 aa

71 2009 179 2071 hahent
194 2017 357 2090 oratorem,
381 2009 451 2070 dnm
469 2009 512 2069 illi
530 2008 620 2071 llheat
633 2010 670 2070 de
684 2011 748 2087 ipso
767 2010 886 2087 negotio
900 2008 1009 2088 dicere,
1024 2008 1076 2069 sed

73 2115 158 2177 saepe
172 2097 251 2158 ultro
266 2096 424 2158 admonent
438 2105 526 2177 atque
541 2097 597 2158 alio
612 2096 878 2176 transgredientem
891 2104 1032 2157 revocant
1046 2103 1077 2156 et

74 2185 210 2248 destinare
225 2203 257 2245 se
271 2192 426 2246 testantur.

136 2271 188 2336 20.
211 2271 284 2342 Quis
303 2290 383 2333 nunc
401 2273 478 2334 leret
496 2282 644 2334 oratorem
663 2273 700 2334 de
715 2273 885 2334 infirmitate
899 2271 1075 2333 valetudinis

76 2378 141 2422 suae
160 2357 365 2441 praedantem?
402 2361 498 2439 qualia
517 2369 587 2422 sunt
605 2362 667 2421 lere
685 2362 831 2439 principia
845 2360 972 2422 Corvini.
1010 2361 1076 2439 quis

77 2452 203 2529 quinque
217 2450 249 2510 in
263 2448 385 2509 Verrem
399 2448 491 2509 libros
506 2445 694 2527 expectabit?
717 2450 783 2526 quis
803 2448 839 2508 de
858 2450 1032 2526 exceptione
1046 2456 1077 2508 et

75 2537 195 2598 formula
208 2539 393 2615 perpetietur
402 2536 451 2597 illa
469 2539 611 2597 immensa
625 2535 786 2615 volumina,
800 2553 874 2613 quae
888 2553 942 2613 pro
956 2534 994 2595 Μ.
1008 2534 1077 2595 Tul·

74 2622 109 2686 lic
123 2634 175 2686 aut
187 2624 263 2685 Aulo
277 2624 401 2685 Caecina
414 2622 560 2703 legimus?
586 2626 753 2703 praecurrit
765 2623 822 2683 hoc
843 2630 974 2700 tempore
988 2623 1103 2683 iudexs

75 2711 231 2793 dicentem,
255 2719 285 2773 et
303 2714 362 2772 nisi
380 2719 431 2772 aut
450 2730 541 2773 cursu
565 2720 806 2791 argumentorum
824 2718 875 2771 aut
893 2710 991 2770 colore
1010 2728 1076 2771 sen-

74 2804 231 2863 tentiarum
245 2808 297 2861 aut
310 2802 407 2860 nitore
422 2807 452 2860 et
466 2800 548 2861 cultu
562 2801 796 2880 descriptionum
809 2800 949 2860 invitatus
964 2806 994 2859 et
1012 2817 1076 2859 cor·

73 2897 178 2968 ruptus
188 2895 242 2969 est,
256 2895 409 2949 aversatur
419 2886 604 2965 [dicentem].
627 2888 732 2967 vulgus
743 2906 861 2967 quoque
871 2887 1076 2947 adsistentium

141 3095 187 3161 19,
203 3099 218 3148 9
237 3091 292 3147 iste
310 3092 360 3146 Bb
386 3095 390 3159 Ι
414 3090 693 3160 imperitissimnmm,
712 3108 760 3147 cm.
780 3091 909 3146 Monetae
924 3092 928 3158 1
946 3095 979 3143 10
997 3088 1076 3143 laudi

71 3163 192 3218 dabocrn
210 3162 258 3231 Fr
276 3169 308 3217 12
327 3161 519 3216 uenationum
537 3162 652 3233 §peccel
672 3166 727 3230 115
746 3160 879 3215 adoratus
904 3162 908 3228 Ι
933 3159 1076 3214 uideretur

70 3235 98 3290 b:
118 3234 231 3288 uidetur
249 3233 341 3288 Bor?
362 3236 366 3300 t
398 3240 430 3288 17
450 3233 613 3287 ferebantur
630 3232 658 3285 B
686 3234 690 3298 Ι
720 3236 754 3284 20
773 3230 803 3283 in
821 3245 924 3284 corona
946 3228 1077 3298 Uestalem

68 3305 176 3361 cidetm
194 3300 265 3373 ἁψίς
284 3304 470 3370 basilicarum,
488 3305 519 3357 ic
533 3304 631 3371 quibos
649 3302 755 3356 iudicia
774 3301 980 3356 centumviralis
998 3301 1075 3354 lrabe-

68 3377 181 3443 bactecr,
199 3375 354 3446 sipnificari
373 3377 377 3443 Ι
398 3375 466 3441 quin
484 3373 623 3443 Merrclcss
642 3371 691 3438 qui
706 3373 710 3439 Ι
726 3376 759 3425 21
780 3370 846 3442 etei]
867 3370 891 3423 si
908 3370 1054 3425 Acidaliae
1069 3371 1074 3442 Ι

68 3453 103 3501 25
123 3447 319 3516 expectantem
337 3445 498 3514 Bataua
518 3444 553 3497 de
571 3460 621 3498 om.
638 3445 643 3513 l
659 3448 676 3497 l
693 3442 750 3496 ista
767 3441 815 3497 Bb
832 3445 835 3509 Ι
853 3446 868 3495 5
888 3441 1076 3511 cut]eib16

67 3517 196 3572 dicentes
215 3514 263 3573 Bb
279 3518 316 3586 18
337 3514 502 3587 [dicentem]
521 3514 611 3571 Sedete
