2378 3982
123 200 189 264 260
473 197 643 253 CORNELII
660 197 780 252 raom

190 343 242 406 24.
265 344 374 415 Quinto
394 345 614 423 expeditionum
635 364 711 406 anno
726 363 800 406 nare
813 347 909 425 prima
922 352 1133 424 transgressus

123 436 239 513 lgnmas
260 432 296 493 ad
315 433 345 493 id
360 440 477 511 tempus
491 433 711 512 gentiscrebris
727 432 815 494 simul
829 451 863 494 ac
877 435 1033 512 prosperis
1047 453 1136 514 proe-

123 521 172 583 liis
186 521 312 600 domuit3
330 539 452 599 eamque
467 529 582 600 partem
594 520 763 582 Britanniae
779 540 853 601 quae
868 520 1046 582 Hiberniam
1059 526 1137 603 aspi-

125 613 167 670 cit
185 612 278 688 copiis
296 611 450 689 instruxit,
472 612 504 669 in
523 627 606 687 spem
619 611 712 686 magis
727 627 817 688 quam
830 608 868 669 ob
884 608 1089 693 formidinem,
1113 614 1138 672 si

85 723 99 765 ι
126 697 245 777 quidem
262 696 404 757 Hibernia
426 697 523 757 medio
546 699 626 756 inter
643 695 826 757 Britanniam
848 705 937 776 atque
960 697 1140 778 Hispaniam

125 788 181 846 sita
196 794 226 845 et
240 784 350 844 Gallico
365 802 482 864 quoque
495 786 571 845 mari
592 794 757 864 opportuna
771 784 1002 846 valentissimam
1016 788 1142 867 imperii

125 881 240 952 partem
259 873 374 950 magnis
392 874 535 933 invicem
549 873 654 933 usibus
667 875 829 934 miscuerit.
867 875 997 951 spatium
1012 877 1099 956 eius,
1118 878 1142 953 si

125 960 294 1021 Britanniae
309 967 506 1040 comparetur,
520 962 684 1040 angustius,
704 963 801 1022 nostri
814 963 905 1022 maris
918 959 1035 1022 insulas
1050 980 1143 1042 supe·

126 1058 181 1108 rat.
195 1047 290 1109 solum
299 1047 471 1126 caelumque
482 1057 511 1108 et
518 1050 636 1127 ingenia
644 1048 801 1127 cultusque
808 1048 963 1109 bominum
971 1048 1059 1110 haud
1068 1050 1144 1112 mul·

88 1164 114 1204 10
129 1144 193 1196 tum
203 1154 219 1196 a
228 1135 380 1196 Britannia
391 1136 544 1197 dillerunt:
554 1139 833 1216 interioraparum,
843 1135 949 1196 melius
958 1135 1066 1199 aditus
1076 1156 1145 1218 por-

127 1233 235 1304 tusque
244 1242 299 1303 per
308 1227 485 1285 commercia
498 1234 528 1284 et
537 1226 736 1303 negotiatores
746 1225 865 1301 cogniti.
887 1224 1028 1301 Agricola
1037 1225 1145 1306 expul-

128 1330 194 1373 sum
209 1313 354 1373 seditione
364 1311 526 1372 domestica
539 1330 633 1373 unum
647 1330 683 1370 ex
696 1310 808 1389 regulis
822 1312 918 1390 gentis
932 1323 1144 1391 exceperatao

128 1402 227 1480 specie
235 1401 380 1461 amicitiae
394 1401 426 1458 in
436 1401 622 1460 occasionem
631 1398 786 1459 retinebat.
806 1417 895 1477 saepe
902 1417 937 1459 ex
948 1418 984 1460 eo
993 1400 1144 1464 audivile

127 1490 215 1566 gione
229 1506 288 1548 una
303 1494 333 1547 et
345 1485 471 1546 modicis
480 1486 596 1547 auxiliis
607 1485 748 1547 debebari
762 1486 947 1566 obtinerique
961 1486 1141 1552 Hiberniam

89 1602 115 1642 1⁶
129 1592 230 1656 posse3
252 1574 342 1653 idque
358 1575 446 1634 etiam
460 1575 601 1636 adversus
615 1574 797 1635 Britanniam
811 1576 1014 1658 profuturum,
1046 1581 1077 1640 si
1090 1578 1138 1640 Bo
1180 1631 1185 1655 ,

129 1680 215 1722 mana
226 1660 338 1741 ubique
353 1679 433 1722 arma
447 1669 477 1722 et
490 1662 571 1723 velut
585 1681 601 1723 e
616 1670 777 1741 conspectu
791 1661 912 1723 libertas
926 1663 1102 1728 tolleretur.
1179 1658 1185 1731 Ῐ

195 1747 247 1812 25.
271 1750 408 1810 Ceterum
416 1758 536 1831 aestate,
546 1768 603 1829 qua
613 1759 730 1811 sextum
739 1750 830 1811 officii
846 1768 957 1811 annum
971 1753 1137 1836 incohabat,
1180 1737 1185 1839 J

130 1838 282 1919 amplexus
296 1840 430 1898 civitates
448 1847 530 1899 trans
544 1837 713 1899 Bodotriam
727 1840 810 1921 sitas,
825 1840 893 1917 quia
907 1847 1007 1901 motus
1023 1845 1136 1903 unirer·
1183 1875 1185 1881 2

132 1922 231 1987 sarum
249 1927 327 1988 ultra
345 1929 477 2004 gentium
497 1934 527 1987 et
545 1926 652 1986 infesta
665 1925 802 1986 hostibus
815 1928 966 2004 exercitus
980 1929 1095 1991 itinera
1108 1931 1136 1991 tt

131 2015 300 2094 mebantur,
323 2023 427 2093 portus
446 2015 539 2075 classe
562 2014 737 2095 exploravit3
776 2032 851 2092 quae
870 2013 906 2074 ab
924 2015 1069 2094 Agricola
1085 2018 1136 2096 pri

106 2125 119 2169 s
132 2121 213 2163 mum
227 2102 381 2180 adsumpta
402 2105 433 2162 in
451 2111 566 2180 partem
579 2103 687 2161 virium
702 2102 883 2180 sequebatur
897 2105 1019 2181 egregia
1034 2107 1138 2185 specie,

133 2209 202 2250 cum
216 2189 304 2250 simul
317 2199 406 2269 terra,
429 2189 517 2251 simul
535 2191 610 2249 mari
627 2188 738 2249 bellum
756 2189 974 2271 impeHeretur,
998 2210 1037 2252 ac
1056 2210 1139 2272 saepe

133 2278 228 2338 isdem
247 2280 353 2337 castris
370 2277 462 2354 pedes
481 2296 631 2355 equesque
652 2284 682 2337 et
696 2279 833 2338 nauticus
847 2277 933 2338 miles
946 2281 1036 2340 mixti
1051 2282 1140 2360 copiis

133 2373 164 2426 et
176 2365 287 2425 laetitia
301 2383 353 2427 sua
369 2366 494 2443 quisque
508 2366 593 2437 lacta,
609 2383 679 2426 suos
694 2383 780 2426 casus
795 2364 975 2447 attollerent,
999 2385 1037 2427 ac
1055 2368 1141 2431 modo

134 2452 274 2514 silvarum
293 2472 327 2515 ac
344 2455 489 2514 montium
507 2454 666 2533 profunda,
689 2453 776 2514 modo
796 2461 1007 2531 tempestatum
1031 2473 1067 2517 ac
1091 2456 1141 2518 flu·

96 2567 121 2608 ro
135 2549 237 2602 ctuum
251 2541 382 2623 adversa,
400 2541 470 2602 hinc
483 2550 564 2601 terra
579 2550 608 2601 et
621 2541 725 2622 hostis,
742 2540 813 2602 binc
826 2542 922 2601 dctus
936 2539 1081 2604 Oceanus
1094 2544 1144 2606 mi

134 2630 214 2691 litari
227 2632 365 2691 iactantia
379 2637 629 2708 compararentur.
660 2627 819 2689 Britannos
838 2647 969 2710 quoque,
988 2636 1027 2690 ut
1047 2649 1089 2692 ex
1102 2650 1145 2695 ot

135 2719 225 2798 ptiris
248 2718 435 2797 audiebatur,
464 2719 525 2776 visa
557 2716 659 2777 classis
692 2715 957 2797 obstupefaciebat,
990 2725 1146 2800 umquam

136 2814 238 2884 aperto
253 2808 343 2866 maris
362 2808 410 2866 sui
428 2811 543 2865 secreto
557 2804 695 2865 ultimum
708 2806 794 2865 victis
808 2805 976 2882 perfugium
990 2804 1146 2871 claudere

136 2903 195 2954 tur.
223 2893 259 2954 ad
277 2911 383 2954 manus
402 2900 432 2954 et
450 2910 531 2953 arma
549 2894 686 2953 conversi
704 2891 890 2953 Caledoniam
907 2891 1082 2958 incolentes
1100 2914 1145 2978 po

207 3027 288 3098 24,1
307 3026 374 3082 navi
391 3027 422 3081 in
438 3025 566 3108 proxima
584 3026 680 3096 Ripler
698 3032 723 3082 et
745 3025 828 3094 Wex,
851 3025 881 3078 in
899 3025 1000 3080 Ololee
1018 3029 1151 3097 proximo

136 3099 305 3169 Nipperdey,
323 3113 388 3152 vere
407 3112 497 3166 pnmo
515 3097 617 3152 Becloer
641 3099 646 3167 l
671 3103 687 3151 2
705 3098 804 3165 gentes
822 3097 850 3150 A
870 3095 962 3164 {lob
983 3097 1026 3153 A:
1046 3098 1085 3156 in
1102 3100 1150 3175 Bi

139 3175 173 3225 10
191 3167 324 3223 differunt
341 3169 504 3222 Βὴεπαηιωε
523 3165 617 3220 differt
649 3170 654 3236 1
686 3166 822 3220 interiora
838 3183 951 3235 parum,
973 3167 1089 3227 melius
1107 3188 1153 3229 m

138 3240 276 3295 Ritterum
293 3240 337 3302 (in
354 3240 394 3293 ed.
414 3240 448 3306 I)
463 3239 562 3293 secuti.-
584 3237 616 3290 In
633 3236 733 3290 melius
754 3238 758 3304 Ι
775 3244 806 3291 11
826 3253 876 3305 per
894 3239 935 3292 A:
954 3238 987 3290 et
1004 3239 1034 3292 B
1053 3243 1060 3312 Ι
1078 3242 1153 3313 ΞΜ

137 3309 266 3364 hostibus
280 3309 391 3365 Becker:
410 3307 522 3363 hostilis
541 3307 648 3376 (hostili
662 3307 784 3362 exercitu
797 3307 981 3431 Rhenanus?
998 3308 1152 3381 timebat

138 3398 186 3437 em.
207 3382 376 3435 Puteolanus
395 3378 525 3447 (timebat
543 3379 645 3449 Ritter)
666 3381 670 3448 Ι
690 3385 708 3433 4
725 3381 786 3432 tum
803 3395 925 3447 prrmum
971 3396 1104 3441 ramma
1120 3386 1153 3455 l‘

139 3450 379 3574 §pecliesstmlzell
401 3453 408 3520 i
429 3458 444 3506 6
463 3449 625 3519 impellitur,
644 3466 691 3504 em.
710 3448 862 3505 Rhenanus
882 3457 888 3519 Ι
914 3455 948 3504 14
967 3448 1153 3513 Calidonia

137 3536 203 3573 mco
215 3536 251 3574 en
263 3537 288 3573 rs
