2378 3982
136 214 202 280 300
486 212 655 269 CORNELII
670 213 789 268 raom

136 379 208 423 uere
232 360 417 440 eloquentiae
441 361 575 440 eligenda
598 363 637 422 sit
655 362 749 422 iorma
767 359 898 441 dicendi,
922 359 1024 420 malim

79 446 82 452 ’
136 448 167 510 C.
185 448 313 510 Gracchi
330 451 472 528 impetum
488 458 539 511 aut
552 448 584 510 L.
599 448 698 510 Crassi
712 449 913 510 maturitatem
927 466 1017 526 quam
1032 467 1047 509 c

137 544 215 598 siros
228 535 407 598 Maecenatis
426 544 477 598 aut
495 539 621 597 tinnitus
636 536 790 598 Gallionis:
809 535 881 597 adeo
899 536 1008 597 melius
1024 553 1047 596 es

109 645 123 686 s
137 626 249 686 tionem
262 623 309 685 vel
322 624 401 685 hirta
415 633 482 703 toga
496 625 621 686 induere
636 643 723 704 quam
738 625 844 685 fucatis
863 632 893 685 et
907 626 1048 684 meretric

55 773 56 776 ,
138 712 233 773 stibus
253 714 404 791 insignire.
441 730 538 791 neque
557 715 636 774 enim
655 715 801 774 oratorius
820 715 890 791 iste,
915 714 1005 772 immo
1025 711 1047 772 b

137 819 175 862 ne
195 800 289 861 virilis
303 800 423 880 quidem
437 799 535 861 cultus
550 808 608 882 est,
628 819 686 880 quo
700 801 834 880 plerique
848 807 1018 878 temporum
1032 818 1047 860 u

137 906 205 949 rum
228 896 343 949 actores
365 891 406 950 ita
433 896 572 970 utuntur,
595 896 629 950 ut
651 889 770 950 lascivia
792 887 953 949 verborum
976 895 1006 948 et
1028 887 1047 947 le

137 978 351 1038 sententiarum
379 984 410 1038 et
436 977 556 1038 licentia
583 978 805 1056 compositionis
829 975 1047 1036 histrionalesr

97 1086 123 1127 xo
137 1066 312 1143 exprimant.
358 1066 496 1145 quodque
514 1067 562 1126 vir
584 1066 686 1127 auditu
705 1065 748 1124 las
768 1082 833 1125 esse
857 1063 976 1145 debeat,
995 1063 1047 1123 lant

137 1152 248 1231 gloriae
276 1161 306 1214 et
332 1154 446 1233 ingenii
472 1154 538 1214 loco
560 1153 695 1231 plerique
717 1155 827 1212 iactant
850 1153 963 1212 cantari
986 1151 1047 1211 salte

138 1243 365 1302 commentarios
384 1259 462 1302 suos.
497 1241 576 1302 unde
599 1243 695 1302 oritur
718 1239 767 1301 illa
790 1240 875 1300 foeda
898 1246 929 1300 et
946 1257 1047 1318 praep<

138 1328 190 1390 sed
222 1336 321 1390 tamen
353 1330 492 1408 frequens
523 1328 699 1407 quibusdam
730 1328 914 1407 exclamatio,
947 1336 981 1388 ut
1014 1346 1047 1387 or

137 1418 234 1478 nostri
264 1424 367 1477 tenere
395 1416 507 1494 dicere,
538 1415 699 1477 histriones
731 1415 842 1477 diserte
866 1415 972 1476 saltare
1001 1415 1048 1475 dic

98 1503 276 1581 nequidem
303 1521 362 1564 non
389 1504 557 1580 negaverim
584 1502 717 1565 Cassium
746 1503 901 1583 Severum,
934 1520 1023 1581 quem

137 1589 216 1667 Aper
234 1597 336 1650 noster
355 1592 508 1651 nominare
526 1609 616 1652 ausus
635 1599 689 1671 est,
708 1594 735 1652 si
752 1594 790 1653 iis
808 1600 1007 1671 comparetur,
1029 1610 1047 1671 q

138 1682 201 1737 stea
224 1677 358 1758 luerunt,
381 1695 469 1755 posse
493 1687 640 1740 oratorem
659 1682 770 1759 vocari,
795 1697 972 1759 quamquam
992 1681 1047 1739 int

136 1770 221 1843 parte
235 1763 381 1826 librorum
394 1783 516 1828 suorum
530 1767 598 1846 plus
612 1767 680 1828 bilis
693 1767 800 1828 habeat
810 1786 898 1846 quam
910 1769 1047 1845 sanguini

136 1855 204 1914 mus
223 1855 302 1914 enim
320 1862 488 1933 contempto
507 1854 610 1915 ordine
628 1873 738 1936 rerum,
757 1858 865 1916 omissa
883 1855 1028 1916 modestia

97 1961 123 2002 ao
137 1940 210 2002 dore
228 1941 396 2022 verborum,
421 1944 495 2021 ipsis
514 1944 602 2003 etiam
620 1943 728 2022 quibus
747 1945 842 2004 utitur
861 1947 950 2004 armis
969 1945 1047 2004 incor

137 2037 187 2090 tus
206 2037 237 2090 et
254 2030 352 2091 studio
372 2029 497 2090 feriendi
514 2019 689 2110 pierumque
709 2031 856 2111 deiectus,
875 2049 934 2092 non
953 2049 1047 2109 pugna

137 2119 259 2180 rixatur.
282 2114 435 2196 {ceterum
453 2125 488 2177 ut
505 2117 575 2198 dixi,
594 2119 787 2196 sequentibus
806 2126 994 2197 comparatus
1011 2127 1042 2179 et

137 2213 199 2265 tate
218 2204 395 2266 eruditionis
413 2212 443 2265 et
459 2204 559 2282 lepore
578 2205 754 2267 urbanitatis
774 2215 804 2267 et
822 2209 954 2285 ipsarum
973 2208 1047 2267 viriu

136 2291 210 2352 bore
228 2291 354 2353 multum
369 2300 484 2352 ceteros
498 2301 633 2373 superat,
654 2313 782 2373 quorum
796 2297 944 2355 neminem
958 2294 1039 2373 Aper

97 2398 124 2440 as
137 2395 209 2440 nare
228 2386 258 2440 et
274 2379 355 2441 velut
373 2381 404 2440 in
423 2381 516 2441 aciem
534 2381 660 2443 educere
679 2384 830 2443 sustinuit.
868 2400 921 2460 ego
941 2390 1041 2442 autem

137 2467 266 2549 etabam,
289 2475 324 2529 ut
346 2470 480 2529 incusato
504 2469 605 2530 Asinio
629 2477 659 2531 et
678 2470 776 2531 Caelio
799 2477 829 2531 et
848 2469 934 2529 Calvo
960 2469 1039 2529 aliud

57 2587 59 2590 ·
138 2573 242 2634 agmen
264 2557 457 2637 produceret,
479 2557 633 2637 plurisque
655 2557 701 2618 vel
724 2566 805 2619 certe
828 2557 951 2618 totidem
970 2560 1047 2617 nomi

138 2662 174 2704 ex
199 2645 307 2724 quibus
330 2645 419 2706 alium
443 2646 591 2725 Ciceroni,
619 2645 708 2706 alium
732 2646 863 2724 Caesari,
890 2645 1015 2723 singulis
1039 2665 1047 2704 e

138 2732 270 2808 singulos
285 2749 511 2811 opponeremus.
533 2750 611 2794 nunc
625 2733 806 2794 detrectasse
820 2735 993 2794 nominatim
1008 2751 1047 2791 an

208 2830 284 2898 26,3
304 2829 457 2884 damiatem
475 2832 570 2887 Krout
594 2834 598 2900 Ι
623 2832 813 2887 serationem
831 2833 986 2887 Andrcsen:
1006 2846 1047 2884 ora

138 2902 288 2972 (oratorem
313 2899 360 2955 vel
384 2900 489 2955 hirtam
513 2903 610 2971 togam
635 2902 750 2958 induere
775 2918 860 2971 quam
882 2901 985 2956 fucatis
1009 2917 1038 2954 se

139 2972 227 3041 Polie)
255 2974 260 3041 Ι
289 2972 437 3026 {lautores
456 2973 487 3041 b,
511 2974 638 3028 auctores
656 2975 692 3041 B,
712 2976 835 3029 oratores
854 2973 944 3027 Rider
973 2975 978 3041 Ι
1009 2977 1041 3024 10

136 3042 273 3109 Bdbrenc,
292 3041 416 3096 debebat
429 3043 556 3098 Muretus
571 3045 576 3112 Ι
594 3050 625 3098 13
645 3043 813 3111 quibusdam
826 3043 990 3098 Rhenanam
1009 3041 1047 3094 sie

137 3112 210 3167 clam
229 3113 258 3166 et
278 3111 302 3166 0
322 3112 358 3181 (si
376 3112 419 3167 dis
438 3112 533 3182 placeb
549 3115 705 3182 Andrcsen,
733 3115 807 3168 sicui
824 3112 902 3168 scitis
921 3113 1031 3168 lausei

136 3185 200 3251 foai.
220 3182 293 3237 sicui
311 3181 389 3238 scitis
408 3182 573 3253 faventium)
593 3186 601 3265 Ι
619 3190 653 3238 14
670 3185 788 3252 temere,
807 3201 854 3240 ean.
873 3185 988 3253 Lipsius
1004 3186 1008 3252 Ι
1027 3189 1047 3235 lt

141 3253 287 3323 Wopkens:
310 3252 355 3308 uis
374 3255 437 3322 (alii
454 3255 523 3310 coni.
544 3270 616 3321 sucu,
634 3254 699 3322 viri,
719 3255 799 3323 salis,
819 3253 909 3309 earnis
928 3255 986 3322 etc.)
1008 3256 1012 3322 Ι
1034 3259 1047 3306 2

137 3322 192 3377 diis
221 3325 226 3392 Ι
256 3323 391 3378 deuectus
412 3324 478 3391 oF,
512 3324 638 3379 deiectus
657 3326 771 3395 Lipsius
800 3328 805 3395 l
835 3331 869 3379 24
888 3325 1008 3392 ceterosl
1030 3339 1047 3376 c

136 3394 272 3458 Bcibrens,
290 3411 328 3449 aa
346 3394 415 3449 eos?
430 3396 435 3464 1
451 3401 485 3450 26
504 3394 632 3450 incurate
650 3397 749 3522 Boc&
763 3402 798 3450 2‘1
815 3394 958 3466 plerisque
978 3393 1034 3448 OF

138 3463 230 3532 0128
250 3463 383 3532 Ciceroni,
403 3464 491 3518 alium
509 3464 604 3535 Bruto,
623 3465 711 3520 alium
752 3507 758 3520 .
777 3467 893 3537 Spenpcl
909 3469 913 3537 Ι
930 3471 963 3520 29
982 3481 1047 3519 nunt

129 3547 238 3588 nanno:
255 3549 313 3590 nou
