2378 3982
318 813 591 898 CORNELII
620 813 814 897 ΤΑΟΙΤΙ

365 968 414 1024 DE
432 967 522 1024 VITA
538 969 585 1024 ET
603 967 764 1024 MORIBUS

164 1113 395 1213 IULII
449 1113 965 1214 AGRIOOLAE

505 1302 620 1359 LIBER.

132 1464 159 1527 1.
188 1465 341 1527 Clarorum
367 1467 498 1526 virorum
517 1467 593 1528 iacta
615 1486 772 1548 moresque
791 1470 921 1548 posteris
943 1467 1071 1550 tradere,

61 1557 227 1635 antiquitus
238 1555 390 1635 usitatum,
400 1572 438 1615 ne
448 1555 558 1614 nostris
569 1555 688 1633 quidem
697 1557 882 1636 temporibus
892 1575 1071 1637 quamquam

61 1645 211 1706 incuriosa
226 1660 349 1704 suorum
363 1649 444 1703 aetas
459 1642 571 1722 omisit,
590 1644 727 1720 quotiens
741 1663 846 1722 magna
860 1645 957 1724 aliqua
971 1664 1005 1706 ac
1019 1663 1070 1705 no·

61 1732 130 1793 bilis
152 1733 247 1792 virtus
261 1732 333 1791 vicit
346 1749 380 1791 ac
395 1747 589 1808 supergressa
603 1737 649 1790 est
664 1732 767 1790 vitium
785 1734 884 1808 parvis
898 1735 1070 1811 magnisque

61 1818 232 1882 civitatibus
246 1836 411 1898 commune,
426 1818 622 1896 Ignorantiam
636 1819 712 1879 recti
727 1818 914 1879 etinvidiam.
929 1819 982 1879 sed
993 1820 1070 1897 apud
1084 1844 1097 1886 a

61 1910 178 1988 priores
192 1915 227 1967 ut
240 1924 327 1984 agere
341 1906 428 1984 digna
442 1915 606 1966 memoratu
620 1924 748 1984 pronum
762 1908 915 1985 magisque
929 1909 960 1967 in
970 1916 1071 1986 aperto

61 2005 140 2075 erat,
153 1998 195 2055 ita
209 1993 420 2055 celeberrimus
435 1996 560 2074 quisque
574 1996 693 2072 ingenio
708 1995 743 2055 ad
759 1994 940 2073 prodendam
953 1997 1072 2055 virtutis

61 2084 236 2146 memoriam
255 2085 318 2143 sine
336 2085 430 2161 gratia
444 2092 495 2143 aut
508 2081 667 2143 ambitione
682 2082 776 2144 bonae
790 2090 907 2143 tantum
920 2085 1072 2144 eonscien-

61 2175 121 2233 tiae
139 2173 236 2250 pretio
255 2170 427 2232 ducebatur.
473 2189 506 2231 ac
524 2171 659 2250 plerique
673 2188 758 2233 suam
771 2173 829 2250 ipsi
842 2173 931 2232 vitam
950 2189 1072 2232 narrare

62 2259 201 2320 fiduciam
215 2260 315 2338 potius
328 2277 445 2320 morum
460 2277 548 2338 quam
563 2259 763 2337 adrogantiam
778 2259 914 2321 arbitrati
924 2268 1002 2341 sunt,
1016 2279 1071 2321 nec
1087 2285 1112 2325 ro

62 2347 94 2407 id
113 2347 224 2407 Rutilio
248 2354 278 2407 et
292 2346 404 2408 Scauro
423 2349 498 2408 citra
516 2347 604 2407 fidem
623 2355 674 2409 aut
688 2348 897 2410 obtrectationi
911 2349 980 2409 iuit:
999 2349 1071 2409 adeo

63 2438 190 2495 virtutes
211 2434 306 2495 isdem
320 2433 505 2514 temporibus
519 2437 630 2515 optime
645 2437 851 2514 aestimantur,
870 2436 979 2514 quibus
993 2436 1072 2496 facil·

64 2523 133 2584 lime
148 2525 320 2601 gignuntur.
334 2530 364 2583 at
377 2541 457 2583 nunc
471 2531 628 2584 narraturo
642 2522 715 2582 mihi
729 2525 818 2583 vitam
832 2522 965 2583 defuncti
979 2523 1071 2584 homi·

64 2613 111 2672 nis
134 2613 219 2672 venia
243 2628 318 2690 opus
340 2611 406 2691 suit,
429 2629 517 2689 quam
540 2629 600 2671 non
627 2612 769 2691 petissem
798 2613 990 2671 incusatnrus
1012 2619 1072 2672 mm

67 2716 152 2759 saeva
168 2708 197 2759 et
211 2699 318 2759 infesta
331 2698 492 2759 virtutibus
506 2707 648 2777 tempora.
1086 2722 1112 2764 ru

132 2785 161 2848 2.
180 2787 333 2868 Legimus,
357 2805 425 2848 cum
443 2787 572 2847 Aruleno
591 2786 714 2848 Rustico
732 2786 840 2848 Paetus
853 2785 998 2868 Thrasea,
1016 2787 1072 2848 He·

64 2877 169 2935 rennio
190 2874 346 2936 Senecioni
364 2874 484 2936 Priscus
503 2874 655 2936 Helvidius
673 2874 784 2936 laudati
805 2883 918 2955 essent,
948 2874 1073 2954 capitale

65 2962 171 3044 fuisse,
193 2967 291 3042 ‘neque
309 2965 340 3023 in
358 2965 440 3042 ipsos
455 2963 541 3023 modo
563 2970 714 3044 auctores,
736 2963 787 3024 sed
802 2965 833 3023 in
847 2963 940 3023 libros
954 2979 1072 3040 quoqne
1159 2981 1164 2990 ·

65 3069 170 3112 eorum
180 3053 332 3132 saevitum,
347 3051 479 3129 delegato
489 3053 653 3112 triumviris
663 3053 828 3112 ministerio
838 3058 872 3110 ut
884 3057 1072 3109 monumenta

135 3221 164 3274 A
179 3246 211 3266 ι-
226 3221 287 3274 cod.
306 3220 460 3275 Vaticanus
480 3227 558 3289 3429,
577 3220 605 3274 Β
621 3247 653 3266 =
668 3219 729 3275 eod.
740 3219 806 3274 Vae.
825 3223 910 3286 44983
928 3215 1073 3286 lectiones,

65 3290 167 3359 quibus
186 3290 265 3345 nulia
283 3293 352 3346 noia
375 3291 518 3361 adscripta
536 3293 587 3356 est,
607 3291 718 3344 exstant
735 3289 765 3342 in
783 3289 851 3343 AB.

137 3363 213 3429 1,14
231 3362 318 3416 fuerit
335 3362 409 3418 Rotb
428 3365 434 3431 Ι
456 3361 642 3415 incusatums.
661 3362 721 3413 tam
740 3374 824 3411 saeve
841 3359 972 3413 distinxit
993 3358 1074 3426 Weu,

65 3431 94 3485 ni
113 3431 369 3557 incusetumtheun
388 3432 544 3501 clipeiue
566 3434 570 3500 Ι
593 3430 650 3497 Μ
671 3427 816 3498 senetioni,
835 3444 882 3485 em.
902 3428 1074 3503 Rbeounuei

65 3508 80 3557 4
98 3503 274 3557 monimenta
