2378 3982
140 200 206 266 304
485 197 794 254 connnmrmcrrr

139 347 237 409 lonem
250 345 467 426 Academicum,
486 346 564 425 apud
578 344 736 405 Diodotum
752 344 885 406 Stoicum
901 362 1004 405 omnes
1018 344 1146 425 philoso-
1168 369 1189 426 op

140 435 226 515 plaiae
244 440 345 513 partes
363 435 483 513 penitus
502 433 650 513 hausisse,
669 451 766 511 neque
784 435 822 492 iis
836 432 1009 493 doctoribus
1026 441 1146 495 conten·
1171 443 1189 495 t'

73 517 84 534 ⁰
140 531 213 602 tum,
232 540 359 602 quorum
378 524 406 582 ci
419 523 504 600 copia
521 523 553 581 in
576 520 650 582 urbe
674 523 851 601 contigerat,
869 519 1010 581 Achaiam
1030 540 1146 601 quoque
1170 545 1187 588 ot

141 618 172 672 ct
189 612 287 671 Asiam
305 627 491 690 peragrasse,
510 616 545 670 ut
562 626 680 669 omnem
698 610 830 669 omnium
847 610 956 669 artium
975 611 1146 672 varietatem
1161 612 1185 689 il

101 721 128 762 eo
141 698 397 777 complecteretur.
441 699 541 775 itaque
568 695 669 757 hercle
696 698 727 757 in
753 695 838 757 libris
868 696 1021 758 Ciceronis
1044 699 1145 778 depre·
1174 706 1186 762 :l

140 786 271 848 bendere
284 786 368 864 licet,
385 803 444 845 non
458 787 649 866 geometriae,
667 803 728 845 non
742 786 886 865 musicae,
904 803 964 846 non
978 790 1145 864 grammati·
1173 812 1188 853 a

141 895 206 955 cae,
224 893 284 935 non
302 874 430 952 denique
448 872 537 934 ullius
551 875 623 934 artis
638 875 782 951 ingenuae
797 875 951 934 scientiam
965 876 994 935 ci
1008 874 1146 937 defuisse.
1173 886 1185 940 l

139 963 189 1024 ille
203 962 373 1023 dialecticae
387 960 594 1042 subtilitatem,
613 960 662 1022 ille
676 961 795 1022 moralis
809 963 902 1040 partis
917 960 1084 1043 utilitatem,
1099 963 1146 1024 ille
1173 987 1185 1044 p

140 1069 242 1112 rerum
265 1058 364 1111 motus
383 1068 546 1129 causasque
568 1056 753 1127 cognoverat.
797 1051 838 1110 ita
861 1057 908 1110 est
927 1052 1019 1132 enim,
1042 1054 1146 1130 optimi
1173 1063 1188 1116 at

100 1159 128 1201 aa
141 1141 206 1218 viri,
224 1142 278 1200 itas
297 1157 333 1199 cx
352 1138 443 1199 multa
467 1137 632 1199 eruditione
647 1144 677 1198 et
690 1136 827 1216 plurimis
841 1137 955 1198 artibus
968 1146 999 1198 et
1013 1142 1146 1201 omnium
1175 1160 1184 1202 a

140 1246 242 1289 rerum
263 1229 388 1288 scientia
401 1227 531 1287 exundat
544 1233 574 1286 et
588 1225 732 1286 exuberat
745 1225 794 1286 illa
812 1225 993 1286 admirabilis
1008 1227 1147 1307 eloquen-
1188 1276 1189 1286 ,

141 1318 195 1396 tia;
220 1333 317 1396 neque
337 1317 463 1376 oratoris
481 1317 526 1374 vis
544 1320 574 1373 et
592 1312 728 1392 facultas,
754 1315 832 1374 sicut
850 1321 1017 1375 ceterarum
1035 1333 1146 1396 rerum,
1166 1338 1186 1380 ‚t

141 1407 274 1484 angustis
288 1412 319 1464 et
331 1402 472 1464 brevibus
485 1402 621 1462 terminis
639 1401 778 1482 cluditur,
797 1401 848 1462 sed
862 1404 889 1488 ie
903 1409 949 1463 cst
962 1413 1078 1485 orator,
1097 1407 1148 1484 qui
1183 1432 1189 1460 a

141 1493 178 1552 de
202 1495 282 1552 omni
300 1492 471 1570 quaestione
492 1488 616 1566 pulchre
635 1495 666 1549 ct
683 1496 786 1549 ornate
805 1498 834 1550 et
852 1489 889 1550 ad
906 1490 1148 1569 persuadendum

101 1588 208 1658 coepte
223 1579 322 1638 dicere
335 1595 390 1654 pro
400 1577 541 1655 dignitate
551 1595 661 1658 rerum,
675 1578 711 1637 ad
722 1577 880 1638 utilitatem
889 1585 1067 1660 temporum,
1079 1599 1149 1642 cum
1168 1585 1186 1609 ’-

141 1665 290 1744 voluptate
306 1666 487 1726 audientium
501 1667 603 1744 possit.

208 1750 260 1814 31.
273 1752 336 1815 Ηοο
351 1753 407 1814 sibi
419 1753 464 1814 illi
477 1760 591 1814 veteres
605 1761 823 1833 persuaserant,
836 1753 873 1815 ad
886 1753 943 1815 hoc
958 1755 1150 1818 efficiendum

140 1841 351 1921 intellegebant
364 1860 440 1920 opus
454 1859 529 1922 esse,
547 1861 606 1902 non
620 1849 654 1903 ut
667 1844 699 1902 in
712 1841 867 1902 rhetorum
880 1842 990 1903 scholis
1001 1843 1149 1905 declama·

141 1938 217 2012 rent,
226 1948 282 1992 nec
290 1939 323 1991 ut
332 1931 410 1991 fictis
419 1948 474 1991 nec
484 1929 544 1991 ullo
554 1931 641 1991 modo
650 1930 686 1990 ad
696 1932 850 1990 veritatem
860 1931 1070 1993 accedentibus
1078 1951 1151 1994 con·

141 2018 439 2098 troversiislinguam
452 2020 539 2080 modo
554 2026 584 2078 et
597 2036 699 2078 vocem
713 2025 896 2099 exercerent,
911 2019 963 2079 sed
978 2026 1011 2080 ut
1024 2022 1063 2081 iis
1077 2025 1150 2083 erti-

116 2107 198 2168 abus
211 2115 317 2186 pectus
330 2106 497 2185 implerent,
506 2108 538 2167 in
552 2104 659 2185 quibus
669 2106 706 2166 de
720 2105 806 2167 bonis
820 2124 854 2168 ac
867 2106 961 2189 malis,
975 2107 1151 2171 dehoneste

142 2203 173 2256 et
185 2197 276 2275 turpi,
290 2195 326 2255 de
341 2198 419 2255 iusto
434 2203 464 2255 et
477 2196 587 2254 iniusto
602 2194 782 2275 disputatur3
800 2195 873 2257 haec
887 2197 966 2256 enim
980 2203 1026 2256 est
1036 2202 1152 2260 oratori

142 2283 275 2342 subiecta
285 2282 321 2341 ad
331 2282 489 2342 dicendum
498 2283 628 2342 materia.
637 2283 873 2344 naminiudiciis
881 2284 1150 2368 feredeaequitate,

141 2373 173 2430 in
183 2368 445 2430 deliberationibus
460 2372 497 2431 dc
511 2373 689 2449 utilitatem
703 2373 928 2434 laudationibus
942 2372 1150 2436 dehonestate

142 2459 326 2539 disserimus,
335 2460 376 2518 ita
384 2465 483 2520 tamea
493 2458 706 2538 utplerumquc
718 2458 940 2521 haecinvicem
951 2456 1150 2525 misceantur:
1182 2528 1185 2535 ,

102 2568 129 2609 ιο
143 2546 300 2626 dequibus
316 2549 435 2625 copiose
451 2555 480 2607 et
493 2549 573 2607 varie
588 2555 618 2607 et
631 2556 734 2607 ornate
748 2566 834 2608 nemo
849 2548 947 2609 dicere
961 2556 1076 2631 potest,
1091 2553 1150 2612 nisi
1179 2568 1184 2609 ε

142 2636 479 2721 quicognovitnaturam
488 2635 647 2696 humanam
657 2637 751 2695 etvim
761 2638 904 2698 virtutum
912 2639 1148 2718 pravitatemque

141 2725 282 2784 vitiorum
298 2729 328 2783 et
343 2726 434 2785 babet
450 2723 632 2784 intellectum
649 2741 760 2804 eorum,
777 2742 852 2802 quae
867 2725 922 2786 nec
940 2727 1147 2789 invirtutibus
1175 2761 1185 2813 t

141 2828 196 2870 nec
206 2812 238 2870 in
247 2811 326 2870 vitiis
335 2818 537 2872 numerantur.
548 2830 583 2871 ex
593 2811 639 2871 his
649 2811 780 2872 lontibus
791 2815 879 2873 etiam
889 2807 937 2873 illa
946 2813 1148 2897 prolluunt,ut
1173 2825 1186 2883 t

142 2898 258 2959 facilius
271 2900 345 2958 iram
359 2897 467 2960 iudicis
481 2899 527 2959 vel
541 2901 661 2977 instiget
674 2900 721 2961 vel
734 2901 832 2980 leniat,
847 2903 899 2981 qui
908 2904 965 2962 scit
974 2903 1109 3000 quidira,
1120 2911 1147 2964 et
1174 2910 1187 3024 b

212 3103 262 3171 30,
279 3110 312 3159 to
330 3103 483 3157 Diodorum
500 3103 580 3158 Boo
602 3105 607 3173 Ι
631 3110 664 3158 22
684 3104 823 3173 ingenuae
841 3105 910 3160 eriis
930 3105 987 3160 OF
1009 3110 1014 3176 l
1039 3113 1075 3162 28
1094 3106 1147 3162 ists

141 3179 182 3230 lar
199 3173 248 3228 Bb
278 3176 282 3242 Ι
311 3181 346 3228 24
364 3191 456 3229 rerum
475 3175 553 3227 orius
572 3175 733 3241 Peerlkamp
757 3179 762 3242 l
791 3183 825 3231 26
844 3176 901 3229 iata
918 3175 967 3230 Bb
991 3181 995 3242 Ι
1022 3177 1148 3232 sesicut
1179 3187 1186 3235 t

143 3243 262 3299 scientie
285 3246 336 3298 cel.
356 3263 377 3299 r.
397 3246 491 3300 Kraal
507 3248 511 3312 Ι
527 3245 573 3312 31,
589 3252 603 3299 1
622 3241 681 3298 Hec
698 3246 794 3315 BbOl
814 3252 831 3300 4
850 3248 981 3301 exercent
996 3249 1000 3315 Ι
1016 3249 1050 3302 ub
1069 3249 1146 3303 Pata
1185 3281 1186 3286 κ

142 3314 481 3384 ulinlhistltteot
498 3315 572 3369 enim
587 3315 747 3382 antone
765 3316 998 3372 utilinlaudal.
1013 3335 1048 3373 aa
1088 3320 1149 3374 leoil
1182 3323 1188 3374 t

147 3385 283 3455 Uaaiaasl
300 3392 315 3440 9
334 3387 431 3440 tomen
449 3388 512 3441 adal.
523 3387 670 3441 Acidaliae
686 3390 689 3453 Ι
704 3388 738 3439 ut
754 3385 824 3441 haec
841 3389 902 3457 ipsc
917 3387 993 3456 OF!
1010 3395 1044 3442 ta
1101 3389 1148 3444 bet

142 3457 206 3510 aaa.
226 3455 347 3524 Sebopea
359 3462 423 3526 post
441 3456 615 3510 intellectum
624 3459 752 3581 Eaeque.
763 3474 866 3525 ,neque
884 3458 933 3524 Fr
951 3465 983 3513 13
1002 3459 1060 3513 ista
1078 3460 1146 3532 Bbl
1182 3479 1187 3513 :

136 3529 173 3574 14
190 3523 236 3575 ira
254 3526 284 3578 et
300 3526 339 3582 F.
357 3528 457 3584 Jacob:
475 3527 535 3582 ime
554 3527 608 3597 (ira
652 3529 750 3598 ipsias,
768 3527 813 3584 ira
831 3528 869 3582 sit
888 3529 1028 3598 Pltbocae)
1183 3574 1187 3583 .
