2378 3982
328 105 422 163 nme.
441 105 489 161 nn
509 83 870 162 enauonrens'n-ae.
1039 108 1104 173 307

12 237 56 300 n&
77 263 101 325 „i
132 264 233 320 unos
251 272 312 336 me,
331 255 402 316 dum
419 255 494 316 iuris
517 261 548 315 et
564 253 767 333 philosophiae
785 256 940 315 scientiam
955 262 1105 336 tamquam

12 338 49 405 Μ
77 345 212 411 oratori
226 345 423 404 necessariam
436 340 533 422 laudo,
547 344 667 422 ineptiis
681 345 755 403 meis
768 338 935 420 plausisse?
1117 366 1145 409 ee

12 417 44 477 di
158 428 219 494 33.
243 429 283 492 Et
299 428 451 492 Maternus
470 426 555 491 ‘mihi
573 425 704 510 quidem’
722 432 820 509 inquit
838 426 1021 510 ‘susceptum
1039 450 1056 492 a
1074 439 1105 493 te

12 516 42 567 [ὅ
80 537 210 585 nunus
225 517 297 579 adeo
311 520 463 598 peregisse
473 518 605 579 nondum
614 518 733 599 videris,
746 526 781 579 ut
788 518 943 579 incohasse
951 525 1066 579 tantum
1076 526 1106 581 et

12 611 41 654 Β
81 608 178 671 velut
187 608 314 684 vestigia
327 625 361 668 ac
374 606 545 667 liniamenta
559 607 702 685 quaedam
712 607 877 667 ostendisse
887 607 1021 668 videaris
1038 624 1106 666 nam

11 699 39 742 ii
84 694 211 779 qulbus
224 696 344 756 artibus
352 696 462 755 instrui
471 701 588 755 veteres
597 702 730 755 oratores
740 694 819 756 soliti
829 697 897 773 sint,
909 695 1009 755 dixisti
1023 693 1105 755 dide·

11 789 38 831 *
83 784 287 861 rentiamque
300 789 419 843 nostrae
433 782 563 843 desidiae
577 790 608 843 et
619 784 793 843 inscientiae
808 782 949 843 adversus
962 783 1106 843 acerrima
1119 805 1133 847 ι

11 875 40 919 ‘¹
84 880 121 935 et
142 869 361 933 fecundnsima
379 887 483 930 eorum
501 869 598 931 studia
613 870 836 930 demonstrasti:
856 877 955 931 cetera
974 877 1107 951 expecto,

11 951 41 1007 ἰδ’
86 966 129 1023 nt
143 956 289 1038 quemad
304 957 423 1018 modum
438 975 474 1017 ex
488 964 518 1018 te
533 957 633 1037 didici,
647 956 718 1036 quid
732 965 782 1018 aut
796 956 839 1017 illi
854 960 976 1019 scierint
989 966 1040 1019 aut
1052 975 1107 1018 nos

14 1042 45 1094 *Β
89 1047 284 1125 nesciamus,
301 1047 343 1104 ita
356 1042 413 1106 hoc
428 1062 546 1123 quoque
561 1062 749 1125 cognoscam,
768 1044 877 1124 quibus
891 1047 1108 1107 exercitationi·

11 1122 48 1182 ὼ
92 1132 158 1197 bus
171 1134 296 1193 iuvenes
309 1133 368 1192 iam
382 1139 412 1193 et
430 1132 527 1193 iorum
546 1134 710 1210 ingressuri
728 1132 903 1193 confirmare
922 1141 953 1194 et
970 1132 1049 1193 alere
1064 1134 1108 1194 in·

93 1222 188 1303 qenin
201 1235 255 1280 sua
269 1218 349 1279 soliti
363 1219 431 1279 siut.
453 1237 551 1298 neque
565 1222 645 1280 enim
658 1227 773 1280 tautum
787 1228 850 1281 arte
865 1227 895 1281 et
909 1222 1041 1298 scientia,
1055 1220 1107 1281 sed
1122 1241 1148 1284 eo

11 1317 54 1360 en
93 1306 189 1387 iunge
207 1308 300 1385 magis
319 1304 457 1366 facultate
475 1314 506 1367 et
523 1325 581 1368 usu
600 1306 797 1384 eloquentiam
815 1310 976 1390 contineri,
1001 1326 1056 1369 nec
1074 1316 1107 1370 tu

11 1387 60 1448 ni·
107 1435 109 1443 t
127 1419 142 1450 o
162 1422 166 1447 t
188 1392 302 1454 abnues
316 1393 391 1454 ethi
405 1394 571 1471 significare
585 1395 668 1455 vultu
681 1390 839 1458 ridentur?

11 1482 65 1536 unt
167 1480 282 1543 Deinde
301 1498 369 1542 cum
383 1480 462 1559 Aper
481 1498 599 1560 quoque
618 1488 648 1540 et
662 1480 817 1544 Secundus
834 1484 912 1544 idem
928 1484 1109 1565 adnuissent,

10 1579 73 1624 ιιιι
98 1629 99 1632 ,
128 1567 238 1634 essaila
251 1570 336 1648 quasi
348 1585 455 1629 rursus
469 1570 628 1647 incipiens:
643 1565 793 1647 ‘quoniam
807 1561 891 1632 initia
901 1579 931 1632 et
939 1575 1052 1633 semina
1061 1591 1108 1633 ve-

10 1667 76 1712 um
101 1660 176 1721 teria
195 1657 380 1736 eloquentiae
396 1657 468 1716 satis
487 1656 705 1717 demonstrasse
719 1656 833 1737 videor,
852 1658 984 1718 docendo
999 1659 1108 1739 quibus
1123 1681 1150 1723 1e

10 1792 14 1799 .
117 1776 119 1799 π
141 1769 148 1800 ι
167 1761 219 1806 ιιι
237 1745 351 1823 antiqui
365 1751 498 1804 oratores
516 1746 632 1805 institui
645 1744 818 1822 erudirique
831 1744 910 1805 soliti
924 1747 992 1825 sint,
1010 1763 1110 1823 perse-

37 1831 46 1842 '
111 1859 150 1887 o.
201 1849 282 1894 nuno
305 1833 532 1893 exercitationes
554 1849 665 1893 eorum.
697 1849 874 1910 quamquam
900 1833 972 1911 ipsis
995 1831 1110 1892 artibus

10 1967 14 1975 .
51 1958 53 1963 ·
102 1933 106 1976 ἱ
119 1928 182 1984 eet
194 1921 381 2000 exercitatio,
398 1937 454 1981 nec
469 1921 625 1999 quisquam
642 1922 797 2000 percipere
811 1926 929 1980 tottam
943 1918 1110 1981 reconditas

50 2026 85 2053 o>
112 2038 120 2060 »Α
137 2025 225 2089 ..que
242 2009 337 2068 varias
356 2024 405 2068 ree
427 2014 539 2088 potest,
557 2009 616 2068 nisi
633 2016 668 2068 ut
681 2009 821 2068 scientiae
835 2007 1000 2089 meditatio,
1019 2007 1111 2068 medi·

10 2176 82 2236 sisi
101 2214 126 2239 a
135 2184 256 2263 [ligitur
269 2184 392 2245 eandem
407 2201 472 2245 esse
486 2186 631 2245 rationem
646 2191 676 2245 et
690 2184 874 2263 percipiendi
888 2184 963 2263 q'uae
976 2184 1111 2264 proferas

9 2261 27 2323 ?
71 2280 82 2359 ᾖ
147 2272 324 2354 proterendi
348 2289 423 2352 quae
440 2274 619 2351 perceperis.
665 2272 717 2332 sed
737 2274 763 2331 si
781 2275 830 2332 cui
848 2272 1021 2333 obscuriora
1039 2273 1112 2334 haec

34 2460 67 2483 ’·’
94 2507 96 2510 ,
120 2448 259 2530 needet,
281 2451 462 2510 instructum
483 2454 513 2508 et
530 2445 652 2526 plenum
674 2446 721 2506 his
745 2445 859 2506 artibus
877 2447 1008 2507 animum
1025 2446 1112 2524 longe

93 2538 285 2603 eraderem
308 2536 345 2597 ad
368 2554 417 2597 eas
441 2536 667 2596 exercitationes
686 2540 857 2615 venturum,
881 2551 955 2611 quae
973 2536 1111 2614 propriae
1125 2555 1152 2596 ee

92 2738 95 2745 ·
176 2724 255 2792 ΒΜ
273 2723 420 2778 inchoasse
439 2723 486 2778 bo
503 2725 507 2790 Ι
527 2728 544 2776 4
563 2722 670 2778 artibus
689 2725 752 2780 add.
772 2724 893 2795 conopeo
913 2727 950 2794 15
970 2724 1111 2792 scientiae,

100 2846 102 2851 s
143 2841 152 2857 .
173 2796 325 2853 Bdeoooaata
344 2796 349 2868 Ι
369 2802 384 2850 'i
404 2791 520 2849 scierint
537 2793 741 2877 Schwepicisch:
761 2794 917 2865 enitentia
935 2793 1040 2848 etiam
1057 2795 1112 2849 Er-

40 2920 44 2945 ,
92 2872 184 2938 meat,
204 2867 234 2926 ei
250 2885 300 2925 om.
318 2865 348 2924 J.
366 2865 405 2925 H.
423 2866 459 2924 A.
478 2864 590 2923 Saietae
610 2868 615 2935 Ι
638 2865 758 2936 mgreeei
778 2866 853 2934 OF!
870 2870 903 2918 10
921 2864 1031 2918 tantum
1049 2864 1112 2918 nte

22 2952 43 2988 ·¹
150 2940 247 2996 :dnm
277 2939 367 2993 solum
384 2938 507 3007 Droekc)
531 2942 535 3006 Ι
559 2937 710 2992 inscientia
729 2935 774 2991 Bb
799 2940 803 3004 Ι
831 2941 935 2988 tinen
958 2935 1022 2989 odd.
1044 2933 1113 3003 Tyr-

16 3046 21 3055 ·
92 3013 254 3077 comitiis
294 3009 481 3066 'Rhenanam
500 3007 591 3078 iiiii
610 3007 792 3076 uidetnrile
810 3006 981 3074 persequor!
999 3009 1031 3057 17
1048 3005 1112 3070 foai.

37 3122 40 3131 .
90 3109 121 3134 ι..
153 3079 225 3151 ipsis
245 3083 250 3151 Ι
272 3081 542 3136 18tamMuretue=
561 3080 630 3146 auti
653 3084 685 3132 19
704 3079 818 3144 tamque
835 3074 1115 3141 aestimantem

37 3154 40 3169 '
96 3152 267 3219 Haemon,
285 3152 345 3205 tam
362 3149 521 3205 reconditae
540 3149 590 3203 aut
606 3146 699 3202 variae
718 3145 854 3212 naerens)
871 3146 876 3212 Ι
892 3142 948 3214 [ut]
968 3144 1115 3199 Acidaliae

8 3186 43 3249 n*
97 3224 165 3301 {20
183 3238 249 3275 usus
268 3222 350 3277 ideam
369 3221 412 3275 nis
431 3219 495 3289 (iue)
512 3219 553 3288 01
569 3216 772 3341 [eloquentiaq]
787 3216 899 3285 Soeoppe
914 3215 919 3281 Ι
935 3219 969 3294 ᾏΞ
983 3227 1114 3295 percepe-

8 3275 47 3345 ,¹⁰¹²
95 3294 145 3357 ,ras
165 3286 732 3361 0r=percpnnereenauana1a
784 3288 837 3354 tae
856 3285 1027 3355 parennem
1044 3283 1115 3352 nep

8 3347 50 3387 ¹⁸
99 3366 178 3422 niuea
196 3364 294 3432 parete
313 3362 380 3429 Bo,
399 3362 500 3431 paratio
518 3361 534 3415 b
553 3374 630 3425 corr„
649 3359 745 3426 aperte
765 3357 795 3411 F
813 3359 818 3427 1
840 3362 873 3411 26
892 3369 953 3410 esee
972 3353 1115 3409 oratorum

103 3434 254 3506 Aqrieole:
273 3433 302 3487 et
320 3433 481 3487 ornatorum
500 3431 550 3502 (oei
569 3429 740 3500 ornaturum)

904 3514 956 3570 ao*
