2378 3982
135 194 202 259 264
483 189 789 245 consummem

38 330 40 335 ’
129 326 256 402 'nomine
270 339 433 398 amicorum
446 345 535 416 atque
541 337 694 415 hospitum
702 337 885 416 polluuntur.
907 336 985 397 bona
995 336 1141 400 fortunae

110 452 123 492 o
138 447 195 508 que
206 430 237 488 in
246 426 402 507 tributum,
416 435 581 503 ageretque
591 428 725 486 annusin
740 427 930 505 frumentum,
944 428 1144 506 corporaipsa

137 535 173 577 ac
186 533 291 576 manus
306 513 387 574 silvis
397 532 430 574 ac
437 512 595 592 paludibus
605 513 791 574 emuniendis
800 515 879 574 inter
892 512 1018 574 verbera
1033 532 1070 574 ac
1079 532 1144 575 con·

136 602 271 665 tumelias
286 610 490 662 conteruntur.
513 610 581 661 nata
595 603 731 662 servituti
740 603 886 680 mancipia
900 601 992 662 semel
1006 612 1145 685 veneunt,
1188 665 1189 672 χ

137 700 224 771 atque
233 690 311 751 ultro
322 709 338 750 a
348 690 475 750 dominis
484 688 618 749 aluntur:
631 687 783 749 Britannia
795 691 968 750 servitutem
978 707 1067 751 suam
1077 709 1146 770 quo

136 780 208 841 tidie
223 780 302 858 emit,
317 777 448 856 quotidie
462 778 566 855 pascit.
603 796 636 837 ac
655 779 733 837 sicut
751 778 782 837 in
796 777 905 838 familia
918 780 1147 841 recentissimus

97 892 123 933 ιο
138 869 263 947 quisque
282 883 437 927 servornm
455 867 543 926 etiam
566 866 718 925 conservis
740 863 868 926 ludibrio
887 873 948 947 est,
976 868 1021 927 sic
1041 869 1075 928 in
1092 867 1149 929 boc

137 954 219 1015 orbis
233 962 381 1014 terrarum
395 961 496 1013 vetere
514 952 655 1014 famulatu
669 954 738 1013 novi
751 971 806 1013 nos
821 963 851 1014 et
863 953 936 1014 viles
949 955 981 1013 in
995 955 1149 1017 excidium

137 1045 286 1122 petimur3
299 1060 397 1120 neque
411 1043 490 1101 enim
504 1059 573 1101 arva
586 1040 672 1101 nobis
686 1049 737 1101 aut
750 1041 867 1101 metalla
881 1049 932 1102 aut
944 1049 1055 1121 portus
1069 1052 1151 1124 sunt²

138 1130 247 1210 quibus
266 1129 439 1190 exercendis
453 1147 651 1189 reservemur.
683 1131 777 1189 virtus
796 1147 886 1208 porro
901 1147 935 1190 ac
949 1131 1064 1191 ferocia
1080 1131 1150 1193 sub

136 1222 282 1280 tectorum
299 1220 415 1296 ingrata
432 1217 660 1298 imperantibus3
675 1224 705 1277 et
724 1217 924 1296 longinquitas
942 1235 976 1279 ac
994 1227 1153 1283 secretum

99 1332 126 1372 ns
138 1309 237 1385 ipsum
252 1324 311 1385 quo
325 1308 429 1385 tutius,
445 1323 479 1364 eo
495 1307 672 1383 suspectius,
708 1306 749 1364 ita
764 1304 878 1366 sublata
893 1323 945 1384 spe
959 1308 1067 1368 reniae
1088 1317 1152 1370 tan

138 1394 205 1456 dem
220 1396 327 1455 sumite
342 1395 486 1473 animum,
510 1400 570 1452 tam
592 1391 700 1470 quibus
719 1391 799 1453 salus
819 1412 906 1471 quam
921 1393 1033 1472 quibus
1054 1396 1153 1474 glorie

138 1485 290 1544 carissima
308 1490 361 1541 est
389 1478 545 1558 Brigantes
560 1480 668 1540 femina
686 1480 762 1541 duce
781 1499 907 1542 exurere
927 1481 1090 1564 coloniam,
1106 1503 1152 1546 ex·

137 1587 269 1648 pugnare
301 1577 410 1648 castra,
443 1585 477 1628 ac
508 1570 567 1628 nisi
593 1567 718 1628 felicitas
745 1570 777 1628 in
804 1570 970 1630 socordiam
998 1574 1150 1654 vertisset,

138 1674 247 1717 exuere
260 1657 363 1733 iugum
376 1663 515 1734 potuere:
534 1674 588 1715 nos
606 1658 716 1734 integri
734 1663 764 1716 et
781 1656 917 1717 indomiti
936 1659 1012 1718 etin
1027 1658 1148 1722 liberta

98 1769 125 1809 zo
139 1755 213 1824 tem,
235 1762 295 1804 non
315 1745 347 1803 in
365 1745 539 1822 patientiam
561 1742 712 1823 bellaturi,
739 1746 835 1823 primo
859 1747 958 1805 statim
980 1764 1148 1827 congressu
1188 1799 1189 1808 ,

139 1830 337 1912 ostendamus
353 1850 428 1910 quos
446 1831 503 1892 sibi
517 1830 673 1892 Caledonia
686 1833 766 1892 viros
781 1828 976 1910 seposuerit’.

204 1916 256 1981 32.
279 1915 336 1980 ‘dn
351 1920 473 1980 eandem
483 1919 623 1980 Romanis
637 1921 668 1979 in
682 1919 759 1979 bello
774 1922 914 1981 virtutem
929 1939 1018 1999 quam
1032 1925 1068 1984 in
1076 1943 1145 2004 paco

137 2007 286 2069 lasciviam
300 2007 404 2068 adesse
418 2003 564 2068 creditis?
586 2008 697 2066 nostris
715 2007 758 2067 illi
776 2008 1013 2070 dissensionibus
1031 2029 1070 2073 ao
1092 2014 1145 2075 die

137 2096 247 2157 cordiis
266 2095 339 2156 clari
355 2097 426 2155 vitia
443 2094 575 2154 hostium
597 2096 629 2155 in
649 2094 772 2172 gloriam
787 2099 935 2157 exercitus
949 2099 998 2158 sui
1011 2108 1144 2183 vertunt3

137 2202 226 2263 quem
247 2190 431 2243 contractum
452 2200 488 2242 ex
509 2181 718 2242 diversissimis
732 2183 870 2262 gentibus
884 2192 918 2245 ut
932 2187 1087 2249 secundae
1099 2207 1144 2251 res

110 2278 252 2350 otenent,
275 2272 316 2329 ita
337 2269 478 2329 adversae
497 2269 670 2331 dissolvent:
699 2272 758 2330 nisi
776 2273 802 2330 si
816 2271 913 2332 Gallos
932 2281 963 2334 et
981 2272 1143 2338 Germanos

137 2367 168 2419 et
190 2351 298 2440 (pudet
317 2350 412 2439 dictu)
434 2356 644 2419 Britannorum
663 2357 834 2439 plerosque,
857 2359 928 2421 licet
950 2360 1145 2426 dominationi
1188 2401 1189 2432 t

38 2469 41 2476 ·
136 2446 247 2507 alienae
266 2447 440 2522 sanguinem
459 2445 659 2527 commodent,
683 2445 796 2507 diutius
814 2455 914 2508 tamen
931 2448 1034 2511 hostes
1058 2470 1144 2532 quam

136 2552 250 2615 servos,
268 2533 326 2594 fide
346 2540 376 2594 et
394 2533 509 2594 adfectu
529 2536 626 2594 teneri
643 2531 768 2612 putatis.¹
800 2543 898 2596 metus
912 2554 946 2597 ac
960 2545 1062 2601 terror
1076 2550 1145 2602 sunt

134 2623 251 2683 infirma
263 2621 359 2682 vincla
373 2623 519 2702 caritatis3
533 2640 607 2701 quae
617 2621 670 2683 ubi
683 2625 853 2703 remoreris,
868 2626 920 2702 qui
933 2627 1040 2686 timere
1051 2628 1145 2690 desie

96 2735 122 2776 ιο
135 2713 205 2791 rint,
224 2710 323 2770 odisse
337 2711 489 2788 incipient.
517 2712 615 2770 omnia
628 2711 768 2792 victoriae
782 2713 974 2772 incitamenta
986 2731 1043 2792 pro
1059 2715 1145 2778 nobis

135 2805 218 2858 sunt:
240 2797 337 2857 nullae
351 2797 498 2858 Romanos
512 2800 653 2876 coniuges
667 2798 844 2879 accendunt,
859 2799 933 2860 nulli
945 2811 1089 2878 parentes
1102 2805 1145 2866 lu·

134 2903 200 2964 gam
214 2885 422 2963 exprobraturi
436 2894 520 2967 sunt3
534 2895 585 2946 aut
593 2885 673 2947 nulla
686 2885 836 2965 plerisque
850 2890 946 2966 patria
960 2897 1011 2950 aut
1022 2890 1144 2954 aliaest

204 3019 281 3088 uno
300 3035 369 3088 eger
387 3021 471 3088 etque
489 3020 526 3074 F.
544 3020 645 3076 Jacob:
665 3021 784 3088 aggerat
802 3023 881 3090 (uger
899 3023 928 3075 et
945 3021 981 3077 R.
1000 3022 1144 3098 Seyffenn

135 3097 150 3145 't
174 3091 329 3156 conterunt,
348 3089 672 3146 condamnationem
690 3089 881 3159 (conferuntur
892 3092 1073 3164 Cornelissen)
1088 3099 1095 3167 1
1112 3103 1148 3154 1⁰

134 3160 220 3215 etiem
237 3177 287 3215 om.
306 3160 405 3228 Btlu
423 3176 475 3214 nec
493 3160 521 3213 B
541 3165 546 3230 Ι
567 3166 599 3214 17
619 3159 1043 3230 clarissimaBlTrinobantes
1064 3165 1145 3224 Oano-

133 3233 187 3286 den
206 3232 211 3300 Ι
231 3232 260 3284 et
278 3247 438 3299 expugnare
456 3230 484 3283 B
509 3233 513 3298 Ι
538 3237 572 3285 20
590 3229 621 3284 in
638 3230 807 3300 patientiam
824 3231 958 3286 bellaturi
976 3236 1046 3305 (nisi
1063 3239 1147 3295 matio

133 3319 195 3357 cum
217 3300 313 3356 Weoeio
337 3317 415 3354 arma
431 3300 527 3369 laturi)
550 3302 688 3371 Wdtffltn:
720 3301 751 3354 in
768 3301 972 3371 poenitentiam
989 3304 1079 3361 loturi
1100 3310 1147 3377 (es.

134 3377 170 3427 16
188 3371 278 3426 veteri
295 3370 450 3440 patientiae
468 3371 604 3441 restituit)
634 3375 638 3442 Ι
667 3379 699 3427 21
720 3371 862 3426 celidonis
879 3375 906 3428 A
936 3377 941 3443 t
969 3375 1055 3446 82,4
1079 3395 1147 3434 con·

131 3442 286 3568 ilcotunludB
315 3445 320 3512 1
350 3443 563 3566 {commodent
582 3444 764 3499 Puteolanus:
785 3444 980 3498 commendent
1004 3447 1009 3515 Ι
1040 3452 1148 3506 gaunt

161 3529 224 3568 eron
253 3528 300 3567 us:
319 3529 349 3566 es
