2340 3982
344 210 550 267 aenrcomn
569 219 694 268 ³1-ae:
950 213 1016 278 265

10 378 122 440 paucos
136 378 273 441 numero,
294 360 428 438 trepidos
441 361 623 439 ignorantia,
641 359 755 420 eaelum
769 362 869 438 ipsum
886 379 919 422 ac
933 379 1015 422 mare

10 455 38 509 et
59 447 159 528 silvaS,
186 450 287 526 ignota
306 449 404 508 omnia
418 449 532 508 circum
546 454 730 527 spectantes,
758 446 874 508 clausos
889 450 1015 528 quodam

10 537 97 596 modo
120 554 155 597 ac
177 538 293 596 vinctos
316 536 347 596 di
369 535 456 595 nobis
478 534 673 596 tradiderunt
729 553 767 595 ne
790 543 902 596 terreat
923 554 1015 599 vanus
1030 559 1057 602 rs

10 631 147 702 aspectus
175 632 205 684 et
230 625 296 684 auri
323 623 421 702 fulgor
444 631 531 701 atque
556 624 684 703 argenti,
717 623 796 702 quod
823 641 920 702 neque
943 629 1017 704 tegit

10 729 108 791 neque
122 711 268 773 vulnerat
290 713 323 770 in
336 713 401 790 ipsa
413 711 543 772 hostium
557 713 619 771 acie
633 712 818 772 inveniemus
832 719 949 772 nostras
958 731 1017 773 ma-

10 817 76 860 nus.
100 799 282 878 adgnoscent
294 798 429 859 Britanni
443 816 526 859 suam
540 817 673 880 causam,
691 799 930 861 recordabuntur
944 799 1019 862 Galli

10 889 142 968 priorem
155 887 336 947 libertatem:
350 875 487 947 deserent
500 886 566 947 illos
581 889 675 948 ceteri
688 887 834 968 Germani,
852 896 914 948 tam
929 906 1018 966 quam

10 992 108 1054 nuper
121 973 206 1052 Usipi
219 974 412 1054 reliquerunt.
437 993 494 1036 nec
508 977 668 1055 quicquam
682 975 760 1036 ultra
773 975 954 1038 formidinis:
968 994 1016 1036 va·
1030 1000 1060 1040 so

10 1080 67 1131 aua
86 1062 218 1142 castella,
239 1080 343 1123 senum
363 1063 494 1123 coloniae
499 1109 508 1144 ,
529 1065 608 1123 inter
620 1063 696 1123 male
710 1071 848 1142 parentes
862 1070 893 1124 et
906 1066 1017 1125 iniuste

10 1150 192 1229 imperantes
215 1168 302 1229 aegra
324 1152 486 1230 municipia
508 1159 538 1211 et
561 1150 768 1212 discordantia.
805 1150 854 1211 hic
877 1152 945 1233 dux,
968 1151 1017 1212 hic

10 1239 173 1301 exercitus:
200 1237 244 1298 ibi
262 1237 373 1299 tributa
392 1248 422 1299 et
435 1239 553 1300 metalla
566 1247 597 1299 et
610 1247 727 1300 ceterae
742 1240 935 1300 servientium
948 1257 1017 1318 poe-

10 1344 74 1408 nae,
83 1344 157 1406 quas
166 1328 358 1387 inacternum
367 1328 501 1405 perferre
514 1336 565 1388 aut
575 1329 675 1388 statim
688 1326 794 1388 ulcisci
806 1329 838 1387 in
847 1326 904 1388 hoc
914 1346 1017 1406 campo

10 1423 65 1476 est
100 1414 226 1525 proinde
244 1416 317 1475 ituri
335 1416 367 1475 in
386 1417 479 1476 aciem
497 1423 527 1476 et
544 1417 671 1477 maiores
691 1426 806 1477 vestros
829 1423 859 1476 et
881 1424 1018 1495 posteros
1031 1435 1059 1478 ss

10 1504 145 1582 cogitate.

76 1588 129 1652 33.
151 1589 304 1668 Excepere
314 1592 478 1651 orationem
488 1589 608 1672 alacres,
622 1599 656 1652 ut
669 1591 803 1652 barbaris
816 1593 918 1673 moris,
928 1600 1018 1653 cantu

13 1677 192 1757 fremituque
212 1685 242 1738 et
260 1678 438 1739 clamormus
459 1678 595 1738 dissonis.
618 1680 736 1757 iamque
750 1681 866 1757 agmina
880 1688 909 1740 et
923 1698 1018 1740 armo·

10 1783 78 1827 ,rum
91 1766 223 1845 fulgores
236 1766 441 1827 audentissimi
454 1767 599 1845 cuiusque
613 1783 774 1844 procursu:
788 1766 877 1827 simul
889 1769 1019 1827 instrue·

10 1850 100 1916 {ltatur
118 1856 210 1935 acies,
238 1872 307 1915 cum
325 1852 461 1932 Agricola
479 1871 657 1933 quamquam
674 1853 785 1913 laetum
803 1861 833 1913 et
851 1855 900 1912 rix
922 1856 1018 1914 muni·
1070 1873 1072 1877 ·

16 1945 119 2004 mentis
133 1943 296 2004 coercitum
310 1941 434 2002 militem
448 1940 670 2002 accendendum
683 1941 779 2000 adhuc
792 1949 890 2021 ratus,
903 1943 944 2001 ita
959 1941 1016 2001 dis-
1030 1964 1045 2006 s

10 2030 118 2113 {seraitz
129 2026 783 2110 ‘septimusannusestcommilitones,exquo
793 2030 1019 2109 virtutevestra,

10 2120 152 2199 tauspiciis
165 2120 284 2198 imperii
297 2117 430 2199 Romani,
443 2117 501 2178 lide
511 2126 600 2197 atque
612 2135 703 2196 opera
720 2126 823 2177 nostra
836 2116 1018 2177 Britanniam

10 2207 133 2270 ulciscis.
164 2214 211 2268 tot
224 2206 474 2286 expeditionibus,
492 2215 537 2267 tot
550 2205 685 2286 proeliis,
704 2224 757 2266 seu
776 2205 950 2266 fortitudine
969 2206 1018 2265 ad-

10 2300 116 2358 uersus
133 2295 229 2356 hostis
247 2313 301 2356 seu
319 2296 461 2372 patientia
480 2312 514 2354 ac
532 2294 633 2354 labore
650 2312 744 2372 paene
759 2294 905 2366 adversus
923 2296 1018 2373 ipsam

12 2393 114 2447 terum
127 2392 264 2444 naturam
277 2401 353 2462 opus
367 2383 432 2463 luit,
446 2399 543 2460 neque
556 2400 604 2442 me
617 2381 745 2442 militum
758 2400 856 2462 neque
871 2401 923 2442 vos
933 2382 1018 2443 ducis
1033 2407 1061 2447 ro

11 2474 167 2544 monitura
204 2490 274 2550 ergo
292 2473 418 2551 egressi,
441 2487 495 2548 ego
514 2477 648 2530 veterum
666 2468 846 2550 legatorum,
869 2487 921 2529 vos
939 2472 1018 2548 prio-

10 2568 81 2622 rum
99 2561 284 2621 exercituum
294 2560 459 2639 terminos,
487 2558 576 2618 linem
599 2555 769 2617 Britanniae
792 2574 852 2616 non
871 2556 946 2617 fama
964 2575 1020 2617 nec

10 2656 144 2730 tumore,
161 2648 214 2708 sed
232 2648 338 2708 castris
356 2653 387 2706 et
404 2647 494 2706 armis
517 2654 666 2706 tenemus:
688 2646 808 2705 inventa
824 2642 977 2705 Britannia
990 2652 1022 2705 et

10 2737 143 2798 subacta.
170 2734 309 2814 equidem
326 2752 415 2813 saepe
438 2735 469 2793 in
488 2735 617 2813 agmine,
641 2750 711 2792 cum
728 2750 780 2792 vos
798 2732 921 2811 paludes
939 2751 1021 2793 mon·

10 2823 95 2886 [esve
108 2832 140 2885 et
152 2823 274 2883 flumina
292 2824 462 2902 fatigarent,
477 2822 631 2881 fortissimi
649 2822 795 2900 cuiusque
813 2839 901 2882 voces
920 2822 1020 2883 audie·
1034 2843 1062 2885 rs

82 2977 134 3042 82,
149 2982 183 3030 18
206 2974 311 3028 circum
328 2973 454 3043 trepidos
471 2973 546 3040 AB,
579 2971 685 3053 circum
696 2978 873 3042 praeceptum
890 2989 925 3027 ea·
941 2988 1022 3052 ⁰⁶5⁸!

10 3047 133 3118 wi
153 3047 204 3102 del.
223 3044 374 3100 Heumann
390 3043 528 3114 (locorum
544 3043 671 3113 trepidos
690 3044 832 3123 Anquctsl)
853 3045 858 3113 Ι
877 3049 913 3097 20
930 3041 1022 3163 Usrpp

10 3107 1021 3265 Bealautcaataeetadt{uertente

10 3249 85 3315 Bet
101 3274 198 3342 margo
215 3257 256 3311 A:
274 3254 390 3311 momtis
408 3258 436 3310 A
466 3257 470 3324 Ι
500 3263 516 3311 6
536 3257 671 3323 septimus
690 3254 850 3334 Acidaliae:
879 3251 1021 3331 oceanus}

10 3332 107 3404 pectre
124 3328 298 3399 Nepperdey:
325 3328 355 3381 et
383 3330 388 3392 1
419 3333 434 3381 't
458 3342 544 3395 opera
565 3324 662 3378 vestra
686 3324 855 3378 Puteolanus
878 3324 1023 3404 (auspiciis

10 3408 77 3471 tmp.
98 3400 165 3468 Ro,
192 3397 298 3453 virtute
315 3399 345 3451 et
362 3396 417 3451 fide
434 3398 531 3480 vestra
549 3397 633 3461 atque
653 3408 739 3462 opere
755 3393 854 3475 nostra
876 3391 995 3461 Urlechs)
1016 3391 1021 3464 Ι

10 3463 108 3528 hostes
123 3471 152 3525 A
167 3472 173 3539 Ι
189 3475 224 3524 14
240 3471 407 3536 montesque
420 3467 526 3522 Urlaclu
541 3468 546 3535 1
564 3471 596 3519 15
610 3464 651 3534 et]
668 3464 718 3517 aut
730 3463 913 3534 Baatzelmayr
929 3464 933 3532 Ι
949 3469 1024 3518 Bro-

10 3554 71 3600 eem
90 3541 247 3598 Beroaldus
