2378 3982
291 265 295 272 ,
400 202 603 260 Admodum
623 211 736 262 14-16.
988 205 1055 271 255

10 348 23 429 ζ
46 352 103 413 alia
113 352 210 413 insula
220 353 384 413 exercitum
394 352 576 432 detinerent3
589 354 647 413 iam
657 354 747 432 ipsos,
759 352 838 431 quod
848 352 1054 415 difficillimum

10 479 21 519 Ε
46 441 151 519 luerit,
170 439 342 502 deliberare.
369 459 459 520 porro
478 443 510 501 in
528 443 594 501 eius
613 441 694 501 modi
712 441 843 502 consiliis
856 442 1053 520 periculosius

10 531 24 608 p
47 547 115 589 esse
130 528 313 607 deprehendi
327 547 416 607 quam
430 530 549 591 audere.
1162 603 1169 612 Ι

10 640 21 696 5
117 614 167 677 16.
181 615 234 678 His
248 625 337 696 atque
352 616 460 677 talibus
474 620 506 678 in
520 619 614 678 vicem
624 618 766 698 instincti,
779 616 928 678 Boudicca
937 621 1054 696 generis

10 745 28 785 ,ἱ
46 706 237 783 regiilemina
252 705 327 766 duce
342 699 454 784 (neque
468 707 547 765 enim
561 722 662 765 sexum
677 707 708 765 in
722 707 856 784 imperiis
866 701 1055 790 discernunt)

10 810 202 893 ¹,sumpsere
227 795 360 854 universi
382 793 505 873 bellum,
533 811 567 853 ae
590 811 708 871 sparsos
730 812 785 872 per
808 793 928 855 castella
945 794 1055 855 milites

22 919 31 979 φ
47 883 224 960 consectati,
242 883 417 960 expugnatis
437 881 593 960 praesidiis
607 885 701 960 ipsam
715 880 860 943 coloniam
874 884 1007 943 invasere
1022 891 1056 943 ut

10 1002 30 1050 ,p
45 971 149 1031 sedem
164 971 328 1050 servitutis,
349 987 404 1031 nec
423 970 516 1031 ullum
529 972 560 1029 in
574 968 709 1030 barbaris
723 971 861 1030 saevitiae
875 988 969 1049 genus
983 973 1053 1031 omi·
1067 995 1081 1037 5

43 1061 84 1119 sit
112 1061 157 1119 ira
185 1067 216 1118 et
233 1060 363 1119 victoria.
401 1057 479 1137 quod
503 1059 561 1118 nisi
579 1057 720 1118 Paulinus
743 1060 862 1137 cognito
884 1060 1054 1136 provinciae

12 1153 129 1244 gmotu
158 1164 284 1227 propere
313 1145 513 1225 subvenisset,
537 1148 644 1206 amissa
669 1146 820 1207 Britannia
848 1147 938 1226 toret,
966 1164 1054 1225 quam
1087 1191 1089 1195 Α

10 1237 137 1313 punius
161 1234 267 1312 proelii
285 1236 403 1296 lortuna
422 1237 515 1295 veteri
533 1236 692 1314 patientiae
715 1236 860 1314 restituit,
883 1233 1055 1294 tenentibus

10 1341 127 1399 parma
146 1321 305 1402 plerisque,
330 1341 404 1400 quos
423 1324 604 1383 conscientia
625 1323 798 1383 delectionis
822 1330 852 1382 et
874 1323 998 1400 propius
1019 1339 1055 1382 ex

30 1409 144 1490 legato
167 1411 255 1467 timor
283 1409 422 1488 agitabat,
449 1427 487 1470 ne
514 1429 691 1490 quamquam
719 1412 856 1489 egregius
884 1418 984 1470 cetera
1006 1409 1096 1475 ad·1o

13 1503 189 1576 ¹roganter
210 1497 241 1554 in
264 1495 379 1555 deditos
402 1503 432 1555 et
451 1504 485 1556 ut
508 1515 578 1559 suae
596 1501 741 1578 cuiusque
759 1501 885 1560 iniuriae
904 1497 985 1558 ultor
1002 1498 1055 1559 du·

10 1591 110 1650 rius
125 1583 302 1644 consuleret.
316 1585 426 1643 missus
440 1585 530 1661 igitur
539 1585 695 1646 Petronius
705 1586 895 1666 Turpilianus
905 1595 1056 1665 tamquam

30 1670 263 1738 exorabilioret
272 1671 388 1732 delictis
397 1671 628 1732 bostiumnovus
638 1677 936 1751 eoquepaenitentiae
946 1677 1055 1756 mitior,

33 1761 219 1839 compositis
233 1759 384 1838 prioribus
398 1759 472 1819 nihil
490 1757 568 1819 ultra
582 1776 671 1819 ansus
685 1759 832 1821 Trebellio
847 1761 973 1821 Maximo
987 1781 1054 1841 pro·

35 1852 175 1912 vinciam
194 1848 323 1908 tradidit.
353 1847 520 1907 Trebellius
539 1849 659 1925 segnior
677 1855 708 1907 et
722 1847 811 1907 nullis
826 1857 992 1908 castrorum
1007 1869 1054 1909 ex·
1069 1872 1095 1915 rc

35 1939 235 2020 perimentis,
254 1937 392 1997 comitate
409 1936 534 2014 quadam
549 1935 673 1995 curandi
686 1937 869 2013 provinciam
883 1937 987 1997 tenuit.
1014 1936 1056 1996 di·

17 2027 148 2111 -dicere
168 2026 227 2084 iam
245 2023 365 2084 barbari
383 2041 500 2102 quoque
515 2025 670 2102 ignoscere
685 2025 764 2084 vitiis
778 2022 1007 2105 blandientibus,
1026 2031 1057 2084 et

37 2117 234 2176 interventus
253 2112 384 2173 civilium
402 2129 552 2172 armornm
572 2110 709 2190 praebuit
726 2114 834 2172 iustam
850 2112 993 2190 segnitiae
1007 2129 1056 2172 ex·

10 2192 12 2199 ’
38 2201 245 2264 cusationem:
271 2200 324 2260 sed
347 2199 495 2273 discordie
516 2199 693 2280 laboratum,
717 2218 786 2261 cum
809 2199 951 2260 adsuetus
970 2217 1056 2278 expe·

10 2288 211 2377 gditionibus
232 2287 317 2348 miles
336 2290 396 2348 otio
415 2288 572 2350 lasciviret.
604 2287 783 2367 Trebellius,
803 2289 871 2367 luga
886 2307 920 2349 ac
934 2287 1056 2350 latebris
1069 2313 1096 2354 ao
1155 2338 1159 2346 ,

10 2381 138 2463 &vitata
157 2378 306 2437 exercitus
324 2378 369 2436 ira
386 2375 545 2437 indecorus
565 2384 653 2454 atque
673 2376 807 2457 humilis,
834 2379 969 2456 precario
988 2395 1057 2437 mor

10 2465 185 2556 ,gpraelnit
196 2483 229 2525 ao
239 2462 320 2524 velut
329 2466 417 2543 pacti,
427 2465 575 2525 exercitus
584 2464 742 2545 licentiam,
757 2465 815 2525 dux
831 2464 956 2525 salutem
969 2472 1057 2543 esset,

45 2552 156 2615 seditio
176 2555 239 2612 sine
258 2554 401 2630 sanguine
421 2554 511 2613 stetit.
551 2570 607 2612 nec
621 2551 736 2612 Vettius
750 2550 892 2630 Bolanus,
915 2553 1057 2611 manenti-

10 2630 105 2736 }bus
131 2640 227 2700 adbuc
253 2639 390 2700 civilibus
409 2638 508 2721 bellis,
538 2641 660 2718 agitarit
681 2639 864 2699 Britanniam
888 2639 1057 2717 disciplina:

19 2729 151 2824 ,edem
165 2729 272 2789 inertia
286 2745 355 2806 erga
369 2727 477 2808 bostis,
495 2728 600 2788 similis
622 2727 784 2806 petulantia
803 2736 981 2808 castrorum,
998 2728 1057 2788 nisi
1071 2751 1098 2792 ar

10 2872 35 2916 Ε
121 2897 166 2963 ld,
183 2903 196 2951 1
216 2896 359 2951 Boudicca
376 2897 483 2950 Haece:
502 2895 644 2950 Voadicca
661 2897 703 2964 A,
728 2897 861 2951 Voaduca
878 2898 959 2965 1315
976 2899 1009 2952 ui
1026 2896 1057 2951 in

47 2966 125 3023 barb.
152 2969 312 3037 Peerlkamp
327 2971 365 3036 18
392 2965 554 3020 tenentibus
581 2969 676 3020 tamen
694 2967 794 3035 Ritter,
822 2966 1056 3021 anianensibus

47 3038 208 3109 Nipperdey
223 3041 227 3106 Ι
243 3045 259 3093 9
277 3036 406 3108 plerique
423 3037 451 3090 B
466 3040 471 3106 Ι
486 3036 615 3105 proprius
625 3038 776 3092 Rhenanus
792 3041 796 3108 Ι
814 3044 847 3092 10
864 3037 1055 3108 nequaquami

48 3114 78 3164 11
106 3108 243 3177 cuiusque
265 3109 347 3163 Wetce
380 3107 496 3176 eiusque
519 3107 647 3175 (quisque
665 3109 838 3230 Nipperdep),
865 3105 1058 3173 exercitusque

831 3195 851 3230 a

10 3143 171 3253 *ditarent
190 3178 400 3247 communisque
419 3178 458 3234 H.
477 3178 512 3232 L.
532 3178 653 3258 Belemitt,
672 3194 783 3246 quoque
851 3179 984 3256 teoloneis)
1001 3178 1005 3243 Ι
1023 3182 1056 3230 13

10 3224 128 3327 {nouis
146 3251 175 3304 B
191 3254 196 3318 Ι
215 3257 247 3304 14
265 3250 341 3304 ausis
359 3250 387 3303 Β
402 3250 407 3317 Ι
429 3254 462 3303 18
482 3251 599 3328 seuniae
619 3249 811 3328 causationem
828 3247 875 3326 B]
892 3253 924 3300 21
945 3246 1057 3328 mdecp-

20 3322 97 3391 tria,
119 3338 167 3375 ean.
187 3321 356 3376 Puteolanas
378 3323 433 3388 122
451 3319 575 3388 praefuit
592 3320 633 3371 A:
651 3318 707 3371 fun
724 3320 751 3371 B
767 3320 772 3385 1
788 3318 865 3386 pacin
884 3317 977 3369 esseni
994 3315 1056 3371 Ret-

28 3370 91 3461 Eier,
113 3393 192 3446 facia
210 3393 301 3460 (immo
318 3392 414 3460 pacta)
434 3389 571 3443 exercitus
585 3387 708 3453 licentia,
723 3385 801 3440 ducis
817 3385 907 3439 salute
921 3387 949 3438 A
963 3402 1057 3454 marpe

10 3448 49 3549 Ἣ
63 3464 144 3520 esset
168 3463 220 3528 (cel
242 3465 345 3529 esseni)
368 3477 431 3516 noe:
460 3462 489 3514 ei
512 3462 558 3525 (ea
576 3458 733 3524 De'derlein)
762 3459 767 3525 Ι
796 3463 831 3512 24
853 3455 987 3528 fatigavit
1006 3457 1058 3526 (aei

38 3532 212 3603 castigavit)
231 3533 350 3603 Modcip
366 3536 371 3602 Ι
387 3537 421 3586 21
441 3534 470 3585 et
488 3528 588 3584 eadem
605 3529 633 3583 B
647 3531 653 3598 Ι
668 3527 763 3582 hostes
781 3527 810 3582 A
