2378 3982
166 217 231 282 296
512 215 681 272 CORNELII
698 216 818 272 Tuom

166 347 233 427 ossa
251 374 454 446 numerantur,
482 365 536 426 sed
557 372 739 443 temperatus
762 382 796 425 ac
814 362 910 424 bonus
933 364 1055 442 sanguis
1072 363 1179 443 implet

165 453 298 515 membra
317 461 347 514 et
372 455 507 531 exsurgit
531 455 605 514 toris
630 454 770 531 ipsosque
795 468 903 512 nervos
928 450 1022 511 rubor
1047 454 1121 530 tegit
1143 463 1179 547 et¹

166 542 256 602 decor
279 541 472 602 commendat.
517 541 585 601 nolo
609 540 769 601 Corvinum
791 541 921 619 insequi,
949 541 1019 618 quia
1042 558 1098 600 uec
1119 554 1179 691 perp

166 632 265 708 ipsum
279 632 362 690 stetit
376 647 434 709 quo
449 630 547 689 minus
561 628 702 688 laetitiam
716 629 904 706 nitoremque
915 635 1088 689 nostrorum
1101 634 1160 688 tem-

128 739 153 779 ao
167 736 274 796 porum
289 719 477 797 exprimeret,
495 723 525 777 et
539 716 682 796 videmus,
705 718 737 775 in
756 722 899 795 quantum
917 715 1032 799 iudicio
1050 717 1113 776 eius
1126 694 1176 789 rial

166 813 217 866 aut
231 807 322 865 animi
335 807 510 884 autjngenii
524 805 675 865 suffecerit
1164 794 1179 901 {t

232 890 284 955 22.
307 892 351 953 bd
370 893 543 953 Ciceronem
562 894 661 972 venio,
685 893 735 952 cui
754 890 856 953 eadem
870 909 969 970 pugna
984 908 1054 952 oum
1067 908 1154 971 aequa·
1166 906 1179 943 ’τ

165 981 245 1042 libus
264 982 326 1041 suis
345 982 413 1061 luit,
438 999 512 1060 quae
530 980 603 1040 mihi
620 979 773 1040 vobiscum
787 986 841 1040 est.
873 979 916 1039 illi
937 980 1017 1040 enim
1036 981 1153 1058 antiquos

166 1068 359 1148 mirabantur,
381 1071 445 1148 ipse
465 1087 588 1129 suorum
606 1075 775 1146 temporum
793 1066 991 1146 eloquentiam
1015 1074 1153 1146 antepono·

166 1158 230 1239 bat3
253 1174 308 1218 uec
331 1157 390 1218 ulla
413 1175 446 1217 re
469 1159 561 1235 magis
580 1164 714 1217 oratores
733 1156 836 1216 aetatis
855 1155 987 1216 eiusdem
1006 1153 1154 1234 praecurrit

140 1263 255 1325 nquam
274 1244 393 1306 iudicio.
429 1247 544 1323 primus
563 1245 642 1304 euim
663 1242 792 1304 excoluit
810 1244 985 1323 orationem,
1009 1245 1119 1321 primus
1132 1247 1154 1300 et

166 1334 266 1395 verbis
280 1332 421 1394 dilectum
434 1331 569 1393 adhibuit
579 1338 609 1392 et
623 1332 829 1409 compositioni
842 1338 945 1412 artem,
959 1331 1040 1392 locos
1055 1345 1153 1410 quoque

165 1421 304 1483 laetiores
323 1421 477 1481 attentarit
496 1427 526 1479 et
547 1418 688 1497 quasdam
706 1420 868 1480 sententias
881 1420 1003 1500 invenit,
1023 1419 1154 1499 utiquein
1176 1435 1179 1471 ε

166 1511 204 1569 iis
218 1506 414 1587 orationibus,
438 1524 512 1585 quas
529 1509 588 1568 iam
606 1508 706 1568 senior
724 1514 755 1568 et
767 1509 848 1568 iuxta
862 1507 952 1568 finem
965 1509 1042 1568 vitae
1056 1523 1155 1584 compo

167 1597 240 1674 suit,
259 1595 361 1673 idest,
384 1602 541 1674 postquam
560 1597 654 1674 magis
675 1595 842 1673 proiecerat
864 1613 981 1675 usuque
1005 1603 1036 1657 et
1058 1589 1179 1674 expui-'1¹

128 1702 154 1742 10
168 1683 276 1743 mentis
299 1682 444 1743 didicerat
467 1683 546 1762 quod
569 1686 714 1762 optimum
732 1683 850 1744 dicendi
868 1700 962 1761 genus
981 1691 1069 1745 essct
1102 1695 1154 1742 uam

166 1772 283 1849 priores
297 1772 362 1831 eius
376 1773 525 1832 orationes
544 1789 604 1832 non
627 1777 729 1832 carent
751 1773 830 1831 vitiis
853 1772 1052 1850 antiquitatis:
1073 1768 1179 1831 leutusl

158 1860 213 1920 'est
230 1861 261 1919 in
284 1860 454 1940 principiis,
476 1858 581 1937 longus
600 1861 631 1919 in
649 1858 883 1939 narrationibus,
898 1861 1012 1920 otiosus
1026 1861 1102 1921 circa
1117 1872 1153 1916 ex·
1172 1890 1179 1931 ρ

167 1965 284 2027 cessus3
314 1947 396 2007 tarde
420 1954 635 2027 commovetur,
663 1964 730 2007 raro
757 1946 923 2027 incalescit3
951 1949 1040 2026 pauci
1067 1958 1152 2008 sensus

167 2043 234 2114 apte
258 2043 288 2096 et
310 2052 379 2095 cnm
402 2034 530 2112 quodam
547 2034 658 2095 lumine
677 2036 890 2095 terminantur·
905 2033 980 2096 nibil
1003 2047 1152 2114 excerpere,

130 2142 154 2183 15
168 2123 242 2184 nihil
260 2124 374 2184 relerre
392 2125 503 2202 possis,
531 2130 562 2182 et
579 2121 659 2183 velut
676 2124 708 2182 in
722 2122 790 2183 rudi
804 2122 951 2204 aedilicio,
978 2122 1082 2184 umus
1099 2133 1152 2182 sane

166 2215 264 2291 paries
290 2219 320 2271 et
346 2210 520 2289 duraturus,
546 2208 676 2270 sednon
695 2212 766 2271 satis
786 2209 931 2289 expolitus
950 2217 981 2271 et
1005 2209 1152 2289 splendens.

167 2315 221 2375 ego
241 2305 340 2358 autem
359 2305 519 2377 oratorem,
547 2299 626 2358 sicut
638 2296 815 2376 locupletem
829 2316 863 2359 ac
876 2297 989 2359 lautum
1003 2306 1112 2377 patrem
1123 2293 1152 2354 la·
1172 2299 1179 2351 Νἶ

165 2385 277 2465 miliae,
299 2403 359 2445 non
379 2403 413 2444 eo
433 2392 548 2446 tautum
566 2385 631 2446 volo
651 2393 729 2446 teoto
748 2388 809 2464 tegi
823 2386 901 2465 quod
915 2385 1043 2448 imbrem
1056 2397 1152 2447 acreu-
1173 2400 1178 2413 ·

165 2481 230 2535 tum
244 2481 355 2554 arceat,
378 2473 430 2534 sed
454 2475 542 2534 etiam
567 2474 646 2553 qnod
664 2475 760 2534 visum
778 2480 809 2534 ct
826 2473 928 2535 oculos
946 2472 1089 2556 delectet3
1108 2483 1153 2532 uon
1174 2487 1179 2526 :

47 2571 50 2576 ’
126 2581 152 2622 eo
166 2581 199 2623 ea
224 2562 319 2623 solum
342 2563 451 2623 instrui
474 2562 656 2641 supellectile
680 2579 755 2640 quac
773 2563 949 2623 necessariis
968 2562 1073 2624 usibus
1091 2556 1153 2621 sull-
1177 2577 1179 2611 ÷

166 2653 232 2732 ciat,
247 2649 299 2710 sed
314 2652 352 2711 sit
366 2651 398 2710 iu
412 2657 553 2728 apparatu
568 2652 632 2710 eius
647 2658 677 2709 et
690 2667 796 2711 aurum
810 2656 840 2710 et
854 2667 994 2732 gemmae,
1008 2659 1043 2712 ut
1054 2659 1154 2712 sumere
1177 2662 1179 2667 ’

164 2740 196 2798 in
214 2755 319 2798 manus
338 2745 368 2798 et
386 2739 519 2815 aspicere
538 2739 655 2816 saepius
669 2736 767 2798 libeat
809 2736 951 2816 quaedam
974 2756 1045 2799 vero
1068 2727 1155 2817 procul

165 2832 322 2887 arceantur
341 2826 450 2884 utiam
473 2824 640 2885 oblitterata
659 2832 689 2885 et
711 2824 832 2886 olentia:
859 2825 973 2887 nullum
991 2827 1031 2887 sit
1048 2823 1157 2886 verbum

236 2977 282 3046 21,
297 2983 330 3032 aa
350 2977 450 3031 rubore
468 2975 559 3032 nor
581 2977 586 3046 l
611 2984 644 3032 aa
663 2992 715 3031 neo
733 2977 794 3033 aa:
813 2994 870 3031 non
890 2977 948 3032 or
968 2980 973 3044 ι
993 2958 1029 3032 co
1047 2978 1077 3031 ee
1093 2973 1158 3030 aaa

164 3066 226 3132 mus
243 3048 274 3101 in
293 3049 429 3115 quantum
446 3047 605 3129 Acidoliue:
629 3046 784 3128 uiderimus
807 3047 922 3116 inquam
940 3046 1078 3128 (videmus
1096 3044 1160 3101 anim

164 3117 658 3257 tttutdtlttttlltttltd
668 3111 1163 3259 ,qqtffilppppsqpmqqqp

163 3261 245 3329 BF!
263 3267 295 3315 10
315 3261 358 3313 est
378 3262 383 3326 Ι
405 3265 439 3314 14
457 3260 530 3328 apte,
542 3261 571 3313 et
589 3259 746 3314 Acidalioe:
766 3261 824 3329 opt.
843 3261 872 3314 at
888 3261 924 3328 B,
944 3260 1130 3328 opi......el
1145 3257 1163 3321 b.

164 3331 245 3400 optet
259 3329 295 3396 F,
315 3329 375 3399 opti
390 3331 419 3384 et
434 3329 458 3384 0
474 3331 551 3399 (apte
570 3329 675 3383 cadunt
693 3331 723 3384 at
737 3330 892 3397 Michaelis,
910 3330 976 3399 apte
995 3331 1025 3384 ab
1042 3330 1074 3384 ui
1094 3344 1165 3400 opor·

164 3404 206 3455 tet
227 3400 341 3470 Vahlen)
357 3401 361 3468 Ι
379 3406 411 3454 15
432 3401 471 3469 et]
492 3402 536 3454 aet
555 3401 701 3456 Michaelis
717 3401 721 3469 Ι
747 3407 779 3455 17
799 3400 909 3454 lautum
927 3400 1057 3469 Lepsios:
1076 3398 1165 3455 lauda·

164 3472 224 3524 rum
243 3474 248 3540 l
268 3477 303 3525 ao
322 3469 493 3540 supereum
513 3469 591 3540 ort
613 3477 647 3525 22
667 3471 708 3542 ee]
727 3472 760 3524 ur
779 3470 836 3525 cn
858 3473 862 3538 ι
887 3470 977 3524 riaece
994 3457 1071 3526 buo.
1091 3468 1167 3542 Apu·

153 3541 232 3594 cola:
247 3540 359 3610 dccet}
374 3547 408 3596 2³
428 3541 566 3610 arcentur,
584 3540 757 3611 om‚Li1uiua
776 3541 915 3612 (arcentor
923 3541 1065 3611 Bdbrcota)
1082 3543 1088 3611 Ι
1104 3537 1168 3596 anti·
