2378 3982
145 223 210 287 266
339 238 342 244 ·
495 219 665 275 CORNELII
683 219 806 276 raom

144 369 228 431 ham:
243 363 372 448 ‘quando
392 367 511 427 dabitur
528 367 637 448 hostis,
661 367 778 446 quando
800 361 914 427 acies?
934 368 1072 448 veniunt,
1086 386 1103 429 c
1115 367 1162 429 la-

144 457 239 518 tebris
262 458 324 516 suis
348 457 474 536 extrusi,
502 463 533 515 et
552 463 619 515 rota
637 457 791 534 virtusque
806 456 837 514 in
851 461 968 536 aperto,
997 457 1151 536 omniaque

144 562 238 624 prona
256 542 419 604 victoribus
439 551 528 622 atque
547 543 649 604 eadem
669 545 757 603 victis
770 543 901 603 adversa.
932 560 1002 603 nam
1021 551 1059 604 ut
1072 562 1151 624 supe

144 650 227 694 rasse
240 639 355 692 tantum
369 632 500 711 itineris,
519 630 606 691 silvas
621 633 758 712 erasisse,
772 632 915 691 transisse
929 633 1082 693 aestuaria
1094 632 1153 712 pul·

106 745 132 785 ro
146 721 251 783 chrum
276 738 310 780 ac
329 719 472 780 decorum
493 721 525 779 in
543 718 686 799 lrontem,
705 721 746 779 ita
764 717 946 796 fugientibus
964 720 1153 798 periculosis·

145 812 220 870 sima
234 827 310 888 quae
332 807 420 868 hodie
443 809 644 886 prosperrima
664 815 748 888 sunt3
771 824 867 886 neque
891 808 971 868 enim
994 807 1087 869 nohis
1111 815 1156 871 ant

145 897 280 957 locorum
300 895 402 956 eadem
420 897 526 957 notitia
539 903 590 956 aut
608 902 826 956 commeatuum
844 893 946 956 eadem
966 894 1156 981 abundanth,

147 984 199 1044 sed
213 1001 319 1045 manus
334 992 365 1044 et
378 1002 459 1044 arma
472 991 503 1044 et
516 985 548 1043 in
562 982 609 1043 his
624 985 729 1043 omnia.
758 981 837 1060 quod
851 983 887 1043 ad
901 1001 949 1043 me
964 986 1090 1065 attinet,
1104 987 1157 1047 ian

145 1072 261 1152 pridem
275 1070 349 1132 mihi
362 1070 515 1133 decretum
525 1080 571 1132 est
585 1089 682 1151 neque
698 1072 847 1131 exercitus
861 1088 958 1149 neque
973 1071 1065 1133 ducis
1079 1081 1165 1153 tergi·

107 1169 210 1223 astuta
225 1178 299 1220 esse.
331 1159 456 1238 proinde
479 1167 510 1220 et
531 1159 657 1221 honesta
674 1176 755 1219 mors
768 1160 851 1237 turpi
864 1160 922 1219 rita
935 1161 1050 1242 potior,
1075 1169 1109 1222 et
1122 1163 1160 1223 11·-

148 1248 302 1309 columitas
316 1266 350 1309 ac
370 1248 461 1308 decus
476 1246 580 1308 codam
593 1247 659 1308 loco
673 1249 729 1308 sita
744 1254 827 1326 sunt,
844 1264 900 1308 nec
915 1247 1086 1326 inglorium
1123 1275 1126 1302 t
1142 1279 1162 1301 ,->

146 1338 188 1397 rit
200 1339 232 1396 in
246 1339 311 1414 ipso
326 1343 473 1396 terrarum
487 1353 521 1396 ac
535 1343 659 1395 naturae
672 1335 730 1394 tine
744 1330 910 1396 cecidisse?

218 1421 271 1485 34.
294 1419 339 1483 ‘Si
365 1440 457 1484 novae
485 1430 588 1501 gentes
614 1430 703 1502 atque
731 1424 830 1501 ignota
857 1424 936 1483 acles
963 1426 1150 1486 constiti

147 1511 273 1572 aliorum
292 1512 477 1571 exercituum
495 1509 636 1588 exemplis
655 1529 706 1571 vos
725 1510 875 1572 hortarer:
898 1529 979 1572 nunc
994 1520 1104 1575 vestra
1124 1542 1160 1589 o

148 1617 218 1660 cora
240 1605 403 1679 recensete,
425 1606 539 1659 vestros
563 1597 665 1659 oculos
687 1599 877 1677 interrogate.
922 1598 955 1659 hl
978 1609 1157 1682 sunt,·qu1¹
1177 1573 1189 1663 l

147 1687 283 1766 proximo
297 1704 373 1747 anno
387 1704 476 1747 unam
489 1686 635 1765 legionem
650 1687 729 1746 furto
743 1688 840 1747 noctis
854 1687 1014 1765 adgressos
1030 1689 1154 1751 clamen
1179 1726 1186 1751 ,ι

119 1774 333 1855 sdebellastis3
360 1774 392 1834 hi
411 1782 579 1836 ceterorum
601 1773 812 1835 Britannorum
832 1774 1019 1853 fugacissimi
1031 1779 1151 1859 ideoque

148 1862 274 1924 tamdiu
289 1865 474 1941 superstites.
498 1881 556 1942 quo
570 1861 658 1922 modo
670 1861 757 1922 silvas
768 1861 919 1942 saltusque
928 1866 1148 1942 penetrantihu
1173 1889 1188 1933 o

148 1951 343 2013 fortissimum
363 1951 501 2029 quodque
520 1949 627 2010 animal
645 1957 748 2010 contra
766 1969 867 2032 ruere,
885 1951 991 2029 pavida
1006 1960 1040 2014 et
1054 1954 1147 2017 inerh
1173 1976 1188 2020 o

148 2041 213 2118 ipso
228 2040 353 2117 agminis
368 2057 440 2099 sono
454 2037 648 2118 pellebantur,
663 2040 706 2099 sic
720 2040 858 2098 acerrimi
872 2038 1093 2103 Britannorum
1127 2080 1129 2086 ι
1173 2064 1188 2123 p

148 2127 264 2206 pridem
279 2126 464 2206 ceciderunt,
487 2124 621 2204 reliquus
640 2133 686 2187 est
704 2144 847 2187 numerus
864 2128 1044 2205 ignavorum
1059 2137 1149 2209 eene,
1175 2152 1188 2195 o

108 2238 135 2278 ιο
148 2216 305 2276 tuentium.
330 2230 404 2291 quos
419 2212 497 2292 quod
512 2213 630 2274 tandem
644 2216 811 2295 invenistis,
830 2232 890 2275 non
903 2217 1096 2299 restiterunt,
1113 2244 1129 2269 a
1148 2257 1149 2260 =

149 2301 329 2380 deprehensi
349 2308 432 2381 sunt3
469 2303 644 2362 novissimae
667 2320 717 2363 res
740 2310 770 2362 ct
793 2311 925 2364 extremo
947 2311 1034 2366 metu
1058 2313 1091 2367 to
1114 2335 1116 2357 1

149 2389 278 2450 defixere
293 2390 386 2449 aciem
400 2391 431 2450 in
445 2388 492 2449 his
505 2391 646 2471 vestigiis,
660 2392 691 2450 in
707 2389 815 2468 quibus
828 2389 984 2469 pulchram
998 2400 1033 2454 et
1051 2420 1094 2447 η»
1185 2404 1188 2414 ·

149 2477 239 2538 bilem
252 2479 406 2538 victoriam
420 2478 558 2538 ederetis.
591 2480 745 2556 transigite
759 2496 827 2539 cum
842 2479 1118 2564 expeditionibus,
1186 2489 1188 2492 ’

149 2567 251 2644 ponite
265 2567 477 2645 quinquaginta
491 2568 576 2627 annis
589 2584 728 2645 magnum
746 2566 837 2647 diem,
858 2565 1022 2646 adprobate
1042 2572 1089 2631 rei
1117 2610 1118 2615 κ

110 2653 244 2717 sublicae
263 2672 424 2733 numquam
446 2656 591 2716 exercitui
607 2655 748 2733 imputari
760 2656 894 2732 potuisse
908 2661 960 2716 aut
973 2673 1078 2719 moras
1100 2686 1127 2710 w
1147 2655 1148 2659 ’

150 2748 201 2802 aut
215 2759 318 2802 causas
332 2737 515 2802 rebellandi?

220 2908 723 2978 ct,1sacies1tlaeoaous=enimus
748 2912 752 2980 Ι
778 2916 811 2964 19
829 2909 976 2965 hansiisse
994 2910 1026 2966 B
1046 2913 1105 2982 120
1120 2912 1154 2969 ile

148 2981 315 3036 leaauusz
333 2979 403 3035 item
419 2984 423 3051 Ι
439 2987 473 3035 26
493 2982 522 3034 et
539 2980 670 3036 honesta.
683 2978 793 3049 ¹potior
806 2983 902 3051 posuit
920 2981 1089 3056 Nipperdey
1114 3015 1130 3026 ιι
1152 3011 1157 3036 ;

149 3051 206 3105 site
223 3053 289 3105 sunt
305 3055 343 3117 (v.
360 3055 411 3119 26)
429 3052 513 3106 deleto
531 3052 560 3104 et
577 3057 640 3106 ante
657 3049 789 3104 incolum.
810 3053 815 3120 Ι
835 3051 916 3120 ahc
936 3053 1102 3109 ceterorum

149 3123 206 3176 suit
224 3122 350 3177 Boibrenc
366 3127 428 3191 post
445 3120 565 3189 ideoque
580 3124 585 3192 Ι
602 3127 617 3176 7
637 3137 747 3189 quoque
763 3125 767 3192 1
783 3127 863 3176 ruere
881 3123 1027 3192 lependum
1039 3140 1157 3183 ema·

148 3193 213 3248 eust
230 3192 359 3264 spongea,
376 3190 479 3245 ruebat
496 3194 650 3258 Androneo,
668 3193 764 3246 rueret
786 3192 892 3248 Urlichs
911 3195 916 3263 Ι
940 3198 958 3248 8
976 3193 1053 3262 pelli
1078 3223 1099 3243 ‚1
1157 3252 1160 3257 ¹

153 3263 222 3318 Wec
237 3265 243 3333 1
260 3269 291 3317 11
307 3264 403 3331 torpor
420 3262 523 3318 Restm
543 3278 659 3332 corpore
676 3261 833 3331 (novissimi
850 3263 966 3318 haesere
985 3266 1018 3320 ei
1043 3290 1050 3311 ι
1084 3293 1092 3307 »
1112 3307 1114 3312 .

148 3335 226 3388 metu
249 3349 283 3386 ec
305 3333 419 3403 torpore
443 3332 562 3388 defixere
586 3332 676 3387 eciem
693 3334 901 3403 Bezzenberper,
923 3334 1106 3395 novissimae

149 3405 274 3458 extremo
292 3406 369 3457 metu
388 3420 504 3474 corpora
522 3403 641 3458 defixere
664 3406 725 3472 (om.
744 3404 843 3472 eciem)
867 3403 951 3472 Wer,
981 3421 1052 3464 nor.
1074 3422 1122 3465 τοι
1155 3417 1159 3470 s

150 3476 289 3599 extrppmm
300 3476 399 3599 paetus
416 3476 529 3545 torpore
548 3474 668 3530 defixere
686 3491 712 3528 e.
736 3473 901 3546 Sabdmaom)
925 3476 931 3545 Ι
956 3481 992 3531 16
1012 3477 1152 3551 impu

140 3559 189 3596 em.
238 3550 385 3600 maanus
