2378 3982
409 868 676 955 CORNELII
699 868 891 953 ΤΑΟΙΤΙ

559 1021 741 1078 unrocus

292 1151 397 1249 ou
452 1122 1008 1252 conueniens

212 1415 240 1479 1.
263 1416 357 1495 Saepe
376 1433 412 1476 ex
430 1433 478 1474 me
496 1417 639 1496 requiris,
661 1415 742 1477 Iuste
760 1414 846 1498 Fabi,
869 1434 937 1499 cur,
959 1434 1030 1478 cum
1057 1418 1149 1496 priore
1186 1449 1189 1475 i

148 1504 265 1568 saecula
273 1504 517 1565 toteminentinm
527 1510 678 1565 oratorum
688 1505 815 1582 ingeniis
824 1503 976 1584 gloriaque
989 1504 1149 1587 floruerint,

147 1600 250 1655 nostra
268 1594 455 1670 potissimum
469 1599 549 1652 aetas
563 1592 681 1652 deserta
695 1599 725 1652 et
743 1592 829 1652 laude
847 1591 1036 1672 eloquentiae
1056 1592 1150 1655 orbata

148 1684 197 1742 vix
216 1699 323 1742 nomen
337 1684 436 1760 ipsum
449 1682 576 1740 oratoris
595 1681 736 1760 retineat;
754 1697 852 1758 neque
872 1682 952 1741 enim
969 1682 1010 1741 ita
1030 1679 1150 1762 appelle

122 1795 136 1837 s
149 1788 216 1831 mus
234 1771 294 1830 nisi
307 1771 457 1847 antiquos:
480 1768 587 1829 horum
601 1775 699 1829 autem
713 1775 880 1846 temporum
895 1767 1000 1829 diserti
1013 1768 1152 1831 causidici

150 1865 180 1920 et
198 1858 331 1919 advocati
354 1864 384 1917 et
401 1857 519 1934 patroni
537 1863 568 1917 et
591 1855 707 1935 quidvis
730 1857 830 1934 potius
853 1874 942 1935 quam
954 1863 1092 1919 oratores
1109 1873 1152 1919 vo
1188 1936 1189 1939 Ἴ

150 1954 264 2008 cantur.
299 1947 349 2006 cui
370 1945 588 2023 percontationi
606 1951 674 2004 tuae
693 1943 875 2022 respondere
897 1952 928 2005 et
949 1951 1011 2004 tam
1034 1961 1153 2025 magnac

150 2035 332 2114 quaestionis
346 2032 462 2109 pondus
478 2033 629 2112 excipere,
643 2038 677 2092 ut
695 2037 745 2092 aut
759 2031 795 2091 de
809 2032 936 2110 ingeniis
950 2034 1065 2093 nostris
1083 2030 1154 2095 mals

150 2120 378 2183 existimandum
391 2122 443 2200 sit,
463 2121 489 2179 si
503 2119 582 2179 idem
596 2119 719 2197 adsequi
732 2136 793 2179 non
805 2137 978 2201 possumus,
996 2128 1050 2182 aut
1063 2121 1104 2183 de
1116 2123 1155 2183 iu·

110 2236 137 2276 ιο
151 2210 245 2288 dicits,
260 2210 287 2268 si
300 2206 451 2287 nolumus,
465 2208 513 2267 vix
527 2207 649 2268 hercule
663 2207 817 2287 auderem,
832 2209 858 2268 si
872 2208 946 2268 mihi
959 2225 1027 2269 mea
1040 2216 1156 2271 senten

149 2299 191 2358 tia
208 2295 385 2374 proterenda
408 2313 441 2355 ac
465 2313 525 2355 non
543 2295 821 2377 disertissimorum,
840 2303 874 2356 ut
887 2297 999 2357 nostris
1018 2298 1156 2377 tempori·

149 2383 219 2464 bus,
237 2384 390 2444 hominum
409 2401 505 2444 sermo
525 2383 704 2464 repetendus
723 2391 816 2472 esset,
839 2401 914 2462 quos
938 2383 1066 2447 eandem
1084 2384 1156 2448 hant

150 2474 353 2552 quaestionem
371 2479 586 2549 pertractantes
607 2472 722 2532 iuvenis
736 2470 894 2534 admodum
912 2472 1021 2535 audivi.
1043 2474 1090 2537 ita
1103 2489 1157 2537 noa

149 2562 278 2641 ingenio,
296 2560 349 2621 sed
367 2561 510 2621 memoria
532 2569 562 2620 et
584 2559 789 2620 recordatione
810 2577 886 2639 opus
904 2569 963 2643 est,
994 2568 1032 2622 ut
1049 2578 1156 2642 quaes

110 2674 136 2716 1⁶
149 2650 412 2729 praestantissimis
426 2649 497 2707 viris
511 2656 542 2709 et
551 2649 715 2727 excogitata
729 2645 878 2709 subtiliter
891 2655 923 2709 et
936 2649 1016 2710 dicta
1029 2652 1155 2728 pantu

150 2738 264 2816 accepi,
291 2753 359 2796 cum
382 2735 492 2814 singuli
514 2735 644 2796 diversas
668 2733 727 2813 [vel
756 2735 874 2796 easdem
898 2736 950 2798 sed
973 2733 1154 2816 probabiles]

149 2842 254 2886 causas
269 2823 427 2904 adferrent,
442 2823 513 2885 dum
522 2824 647 2885 formam
661 2825 708 2884 sui
723 2824 849 2903 quisque
864 2832 894 2885 et
907 2826 1000 2886 animi
1009 2824 1151 2906 otingam

219 2994 248 3048 B
262 3020 295 3040 =
309 2991 464 3048 Vaticanus
485 2997 562 3048 1862.
603 2993 620 3048 b
635 3017 668 3038 ==
682 2991 826 3047 Leidensis
844 2991 973 3048 Pontani
1019 2993 1093 3050 θ’-
1105 2992 1147 3051 Vr
1183 2958 1186 2966 Ἰ

148 3063 260 3120 ticonus
280 3069 356 3119 1518.
394 3063 425 3118 F
437 3089 470 3110 =
484 3062 683 3130 Faruesianus;
711 3063 860 3133 lectiones,
883 3062 986 3132 quibus
1009 3064 1093 3121 nullu
1111 3063 1147 3120 itt

149 3137 212 3197 tere
229 3134 373 3204 adscripta
390 3135 447 3201 ast,
467 3135 579 3188 exstant
595 3134 626 3188 in
644 3132 774 3189 omnibus
792 3135 843 3189 sut
859 3131 891 3189 in
906 3133 1053 3206 plerisque
1071 3134 1145 3192 hiric

150 3205 216 3263 Pet.
231 3232 264 3253 =
279 3204 368 3260 editio
386 3203 542 3260 Puteolani.

221 3313 279 3382 1,4
298 3310 493 3382 appellemus!
514 3316 530 3366 9
550 3309 669 3367 sitadd.
687 3308 1048 3381 Lipotua110mscmilri
1065 3307 1147 3369 SM
1181 3338 1189 3366 e

149 3384 211 3454 tino
239 3387 244 3452 Ι
275 3390 308 3439 16
327 3381 386 3453 [val
404 3381 529 3451 easdem]
549 3381 677 3451 Lipsius,
704 3397 754 3437 noo
768 3387 910 3451 praetem
928 3379 979 3437 sed
996 3379 1148 3454 probobiltt
1186 3444 1189 3451 Ι

143 3454 321 3523 maturimae,
340 3451 471 3526 [singuli.
483 3495 489 3510 .
499 3451 577 3524 dum]
596 3453 740 3510 Andresen
756 3453 893 3524 quondam
