2378 3982
17 33 31 351 1
246 197 341 254 omn.
360 199 407 253 Du
427 198 654 254 ORATORIBUS
674 205 787 254 ao-ea.
957 196 1021 261 301

61 357 149 412 tores
173 354 330 409 contentus
353 339 501 408 neminem
524 347 713 427 sequentium
731 345 850 406 laudare
868 352 1024 407 aususest
1037 369 1064 411 eo

17 364 121 525 [⁶:⁵³⁰
137 434 291 514 publicum
310 437 389 496 etin
409 453 578 516 commune,
600 437 713 495 veritus
732 433 834 514 credo,
858 452 896 494 ne
913 433 1023 494 multos

17 524 192 613 ¹pilenderet,
220 525 246 583 si
272 517 383 602 paucos
411 526 616 602 excerpsisset.
662 530 770 602 quotus
794 523 873 582 enim
896 524 1023 600 quisque

66 613 264 673 olasticorum
281 629 341 672 non
359 610 415 672 hac
434 629 487 672 sua
505 613 698 690 persuasione
719 611 838 691 fruitur,
856 617 891 669 ut
905 627 937 669 se
955 617 1023 670 aute

17 613 192 797 §geronem
216 707 367 778 numeret,
390 701 447 760 etsi
470 699 557 778 plane
584 706 651 778 post
679 693 894 758 Gabinianum?
916 705 946 757 at
969 715 1023 775 ego

25 807 76 850 on
95 788 222 849 verebor
240 789 393 848 nominare
413 787 558 866 singulos,
584 805 642 866 quo
662 787 777 847 facilius
795 786 956 864 propositis
976 803 1024 845 ex·
1038 807 1064 849 sa

28 876 123 956 caplis
138 875 286 956 adpareat,
306 875 413 954 quibus
428 875 568 954 gradihus
583 875 674 936 fracta
693 877 732 934 sit
750 881 780 934 ct
798 874 950 934 deminuta
966 872 1025 933 elo·
1093 876 1096 882 '

35 959 159 1026 entia?

83 1049 137 1113 27.
160 1047 210 1112 ‘At
231 1046 333 1130 parce'
356 1053 453 1130 inquit
470 1050 621 1111 Maternus
645 1046 687 1109 ‘et
703 1052 803 1128 potius
822 1049 938 1110 exsolve
957 1067 1025 1127 pro·

38 1142 151 1200 ἰιιιι
195 1157 293 1218 neque
316 1141 395 1199 enim
418 1139 474 1200 hoc
498 1138 595 1216 colligi
617 1137 829 1218 desideramus,
852 1137 1025 1198 disertiores

43 1245 84 1289 :se
109 1229 259 1307 antiquos,
283 1227 361 1306 quod
380 1226 458 1305 apud
477 1245 525 1286 me
544 1226 663 1305 quidem
681 1227 712 1285 in
731 1225 866 1286 confesso
890 1233 949 1304 est,
972 1223 1025 1284 sed

37 1333 124 1376 usas
137 1317 329 1396 exquirimus,
344 1332 416 1393 quas
426 1323 456 1375 te
466 1314 586 1376 solitum
595 1321 722 1375 tractare
734 1316 849 1396 dixisti,
861 1312 949 1392 paulo
957 1320 1025 1373 ante

37 1407 107 1464 ane
124 1404 221 1464 mitior
236 1410 266 1463 et
280 1403 465 1481 eloquentiae
479 1410 647 1481 temporum
661 1410 832 1463 nostrorum
849 1403 949 1461 minus
967 1402 1052 1466 ira-s

58 1518 77 1572 ³,
96 1499 253 1571 antequam
272 1499 302 1551 tc
320 1491 399 1570 Aper
418 1491 579 1551 offenderet
597 1492 725 1551 maiores
745 1497 814 1551 tuos
832 1483 1025 1551 lacessendo?

85 1573 162 1639 ‘Non
185 1574 263 1639 sum'
286 1581 384 1658 inquit
407 1575 548 1638 ‘offensus
566 1580 639 1656 Apri
664 1579 875 1658 disputatione,
898 1596 955 1638 nec
974 1595 1026 1637 vos

50 1666 128 1728 endi
147 1666 276 1747 decebit,
295 1669 322 1727 si
340 1667 411 1746 quid
426 1667 502 1726 forte
516 1684 603 1726 aures
618 1674 731 1726 vestras
745 1668 938 1747 perstringat,
957 1684 1027 1726 cum

55 1755 120 1816 iatis
134 1754 211 1815 hano
225 1772 291 1815 csse
306 1757 370 1814 eius
384 1755 465 1814 modi
478 1772 647 1815 sermonum
661 1753 765 1834 legem,
779 1754 922 1814 iudicium
936 1755 1027 1814 animi

43 1874 46 1881 ·
78 1843 250 1904 adamnum
264 1843 397 1904 adlectus
412 1836 568 1920 prolerre?
1040 1863 1067 1903 1o

84 1925 203 2008 ‘Perge’
227 1933 324 2009 inquit
345 1930 496 1991 Maternus
520 1927 561 1990 ‘et
588 1947 656 1990 cum
679 1928 716 1989 de
739 1930 867 2006 antiquis
886 1927 1026 2008 loquaris,

56 2037 104 2079 :re
119 2019 240 2097 antiqua
253 2018 398 2099 libertate,
413 2037 429 2078 a
443 2037 501 2097 qua
515 2017 561 2078 vel
574 2019 667 2095 magis
681 2018 923 2096 degeneravimus
938 2033 1026 2094 quam

40 2101 52 2155 ἰ
69 2101 262 2186 eloquentia?

84 2193 137 2257 28.
162 2194 217 2254 Cui
239 2194 362 2254 Messala
386 2190 456 2255 ‘non
481 2193 662 2274 reconditas,
685 2192 831 2272 Materne,
858 2208 962 2252 causas
980 2209 1026 2251 re-

49 2305 52 2334 ι
87 2286 129 2363 is,
156 2300 212 2343 nec
239 2290 291 2343 aut
313 2283 448 2362 tibiipsi
470 2290 521 2342 aut
544 2281 614 2343 hnic
634 2282 771 2342 Secundo
794 2280 841 2341 vel
858 2279 928 2340 huic
946 2279 1026 2358 Apro

40 2378 150 2451 otas,
172 2372 261 2431 etiam
286 2372 312 2430 si
334 2370 408 2431 mihi
429 2378 529 2449 partes
547 2371 707 2448 adsignatis
725 2366 896 2448 proferendi
917 2370 949 2428 iu
967 2386 1027 2428 mc-

50 2477 104 2520 um
128 2476 202 2537 quae
225 2477 328 2518 omnes
346 2461 499 2519 sentimus.
523 2460 590 2535 quis
609 2460 688 2517 enim
706 2460 823 2535 ignorat
841 2464 870 2517 ct
889 2455 1027 2534 eloquen-

33 2541 52 2598 ἕ»,
68 2573 83 2601 ,ι
115 2553 146 2607 et
164 2555 278 2608 ceteras
297 2554 376 2607 artes
395 2546 554 2607 descivisse
573 2543 608 2606 ab
627 2544 676 2605 illa
690 2552 789 2604 vetere
804 2542 896 2621 gloria
909 2561 969 2603 non
983 2545 1054 2604 ins

93 2751 140 2819 26,
154 2757 187 2806 31
206 2750 335 2820 ueritum,
353 2767 401 2806 ero.
420 2751 534 2819 Lipsius
563 2752 568 2820 Ι
602 2755 635 2804 32
653 2748 780 2803 laederet
802 2749 818 2802 b
842 2749 847 2816 Ι
874 2747 1029 2817 excepisset

29 2823 152 2877 'Metto
173 2823 178 2890 Ι
203 2828 237 2875 34
256 2821 310 2875 etsi
328 2821 363 2876 R.
383 2821 500 2876 Sclcoell:
520 2819 569 2874 sed
589 2822 593 2888 Ι
615 2826 648 2874 36
666 2820 757 2875 fracta
775 2820 804 2875 b:
822 2819 896 2873 freta
912 2819 1026 2890 Bor!

62 2897 100 2960 ,1
124 2890 266 2961 Apparate
290 2892 416 2960 (Aperte)
440 2892 506 2946 iibri
532 2893 573 2957 (ai
590 2906 673 2959 perce
692 2889 727 2943 iis
747 2891 907 2956 Michaelis,
935 2889 972 2942 ah
991 2893 1028 2956 (a)

95 2984 100 2993 ·
128 2962 236 3029 Usener,
253 2978 335 3031 parce
354 2963 505 3027 Androneo,
524 2963 642 3030 apparet
660 2962 773 3029 Mereor)
790 2963 794 3029 Ι
811 2966 826 3014 2
845 2959 899 3013 hoe
917 2959 957 3012 Fe
975 2959 1028 3012 hec

42 3034 84 3101 fb,
103 3032 156 3105 hec
175 3031 217 3101 Ol
232 3039 250 3087 4
268 3031 365 3086 dixisti
381 3033 470 3101 coppi.
490 3032 604 3101 Lipsius
617 3036 681 3100 post
699 3033 777 3098 ante,
800 3046 827 3098 p.
847 3030 913 3082 ants
932 3027 1027 3082 dixist'

53 3126 75 3148 o·
102 3103 215 3170 quidem
233 3104 328 3158 Haase
355 3105 360 3172 Ι
389 3101 521 3157 διιιίιὶοι
539 3104 568 3156 et
586 3101 763 3169 eloquentiae
782 3100 886 3155 Sodele:
917 3097 1029 3152 mitiore

40 3173 185 3240 oquentia
203 3176 232 3228 et
256 3176 260 3244 Ι
284 3173 375 3228 minus
394 3173 481 3226 natus
500 3173 613 3228 Nissen:
632 3171 748 3225 miratm
766 3170 855 3223 iratus
878 3171 882 3237 Ι
905 3177 921 3224 6
940 3167 1028 3223 inoes-

47 3243 110 3297 vndo
129 3245 278 3299 Heumann
294 3248 298 3313 Ι
315 3252 330 3299 'l
349 3244 419 3312 Apri
437 3244 550 3298 Vahlen:
570 3241 696 3311 aprima
713 3240 794 3310 (Apn'
811 3240 874 3306 illa,
893 3238 962 3308 Apri
979 3254 1028 3292 no-

49 3337 54 3356 ι
102 3314 173 3384 Apri
190 3314 254 3382 mei,
273 3315 342 3384 Apri
360 3313 497 3369 acerrima
515 3315 583 3368 coni.
599 3314 646 3380 ol.)
662 3314 667 3380 Ι
682 3327 734 3365 neo
753 3311 829 3365 Prot:
848 3326 915 3363 nam
928 3325 980 3363 nec
993 3310 1030 3376 F,

50 3408 81 3431 ς..
108 3385 236 3440 etBoo
251 3381 710 3455 (soot.neciam)18perslzringit
727 3382 776 3450 ΡΙ
794 3387 825 3435 11
845 3382 874 3434 et
893 3378 1033 3434 oameO

47 3462 80 3510 12
99 3473 117 3510 a
135 3472 184 3512 om.
215 3459 220 3525 Ι
249 3457 325 3524 28,1
346 3455 396 3510 Cui
414 3473 476 3510 nos:
496 3453 550 3519 Qui
567 3455 624 3520 Bb,
643 3454 680 3507 Et
699 3451 757 3508 OF
778 3455 783 3521 Ι
808 3449 1030 3506 3Etenimiem

41 3552 43 3558 ⁴
65 3527 116 3597 ΕΙ
132 3533 148 3581 ὅ
166 3525 263 3596 inopia
280 3526 457 3596 ingeniorum
476 3525 527 3580 Fr.
548 3525 635 3580 Jacob
