2378 3982
368 207 571 262 nemcomn
589 213 703 263 42-44.
932 243 937 256 .
974 207 1039 273 273

39 355 98 417 cius
113 354 248 417 crebrius
268 373 355 435 quam
373 375 410 416 ex
425 373 507 416 more
525 357 722 436 principatus,
741 373 796 434 per
809 353 929 416 nuntios
942 357 1039 429 risen·

39 444 72 504 tis
95 452 127 505 et
148 442 322 504 libertorum
345 446 435 522 primi
461 451 491 504 et
518 443 701 503 medicorum
723 444 820 503 intimi
837 461 959 524 venere,
977 447 1038 505 sive

39 546 106 592 cura
119 531 191 592 illud
205 533 267 591 sive
280 533 433 611 inquisitio
448 537 520 591 erat.
551 548 689 609 supremo
700 530 820 610 quidem
834 530 881 590 die
890 539 1039 592 momenta
1053 553 1080 596 m

39 617 100 696 ipsa
125 619 290 679 deficientis
312 638 367 698 per
390 620 550 697 dispositos
569 636 707 679 cursores
725 620 859 679 nuntiata
878 618 1039 701 constabat,

39 707 115 767 nullo
138 707 278 768 credente
297 709 340 767 sic
364 707 526 767 adcelerari
547 724 621 784 quae
640 708 734 767 tristis
753 706 877 767 audiret.
909 709 1039 785 speciem

40 795 131 856 lamen
146 795 257 855 doloris
270 793 373 856 habitu
387 794 530 873 vultuque
544 812 615 873 prae
630 812 661 854 se
676 794 756 875 tulit,
770 812 894 856 securus
907 796 966 854 iam
980 795 1041 856 odii

39 889 68 942 e
81 885 132 962 qui
145 883 260 944 facilius
275 882 475 943 dissimularet
488 882 628 960 gaudium
643 901 731 962 quam
744 890 865 943 metum.
889 884 961 944 satis
971 901 1040 944 con·

39 969 131 1031 nubat
148 970 224 1032 lecto
244 978 421 1031 testamento
439 969 605 1051 Agricolae,
630 988 688 1049 quo
712 970 888 1030 coheredem
911 978 963 1050 opt
964 972 1039 1032 imae
1053 992 1080 1034 rs

39 1043 121 1121 uxori
143 1067 173 1119 et
191 1060 340 1137 piissimae
359 1059 434 1119 filiae
453 1057 651 1119 Domitianum
666 1059 800 1139 scripsit,
817 1057 958 1119 laetatum
972 1078 1040 1120 eum

39 1132 115 1206 'uelut
132 1147 244 1207 bonore
258 1147 436 1225 indicioque.
469 1154 529 1206 tam
548 1164 635 1206 caeca
658 1154 689 1206 et
707 1154 847 1224 corrupta
865 1164 950 1207 mens
969 1149 1040 1207 assi·

39 1227 101 1294 luis
119 1234 336 1295 adulationibus
355 1242 426 1315 erat,
445 1242 479 1296 ut
497 1235 627 1294 nesciret
645 1252 661 1294 a
678 1232 756 1294 bono
775 1242 860 1312 patre
874 1252 935 1295 non
948 1234 1041 1295 scribi

39 1311 175 1383 ieredem
190 1323 249 1380 nisi
261 1321 371 1381 malum
383 1324 558 1401 principem

39 1404 46 1463 l
101 1407 154 1469 44.
177 1407 269 1468 Natus
293 1415 356 1467 erat
377 1409 512 1486 Agricola
535 1409 605 1470 Gaio
624 1409 748 1471 Caesare
772 1413 893 1472 tertium
917 1409 1039 1471 consule

39 1492 134 1558 ilibus
148 1495 256 1557 Iuniis:
271 1496 397 1554 excessit
411 1503 494 1555 sexto
508 1504 539 1556 et
553 1499 795 1577 quinquagesimo
810 1517 900 1581 anno,
914 1498 1039 1559 decumo

39 1585 173 1646 kalendas
194 1581 377 1661 Septembris
396 1581 512 1660 Collega
532 1583 694 1663 Priscoque
708 1587 893 1648 consulibus.
921 1586 1040 1666 quodsi

39 1673 168 1733 {abitum
184 1689 302 1750 quoque
316 1673 381 1732 eius
395 1672 508 1749 posteri
522 1688 646 1731 noscere
659 1672 762 1752 velint,
784 1674 936 1734 decentior
951 1692 1039 1752 quam

39 1761 189 1822 molimur
204 1760 274 1840 luit3
288 1759 363 1819 nihil
374 1766 473 1819 metus
487 1760 519 1818 in
532 1757 629 1820 vultu:
643 1761 736 1836 gratia
745 1763 806 1820 oris
815 1769 978 1839 supererat.
988 1760 1039 1821 bo·
1053 1783 1066 1824 a

39 1858 107 1910 num
120 1851 217 1910 virum
228 1846 312 1908 facile
323 1847 475 1926 crederes,
489 1864 628 1924 magnum
639 1846 775 1907 libenter.
799 1854 829 1908 et
838 1850 902 1926 ipse
912 1848 1041 1928 quidem,

39 1949 212 2015 [numquam
227 1935 324 1995 medio
338 1936 370 1994 in
385 1937 478 2014 spatio
488 1937 620 2013 integrae
635 1936 883 2016 aetatisereptus,
898 1941 1040 2013 quantum

39 2025 73 2086 id
95 2025 232 2104 gloriam,
264 2023 469 2100 longissimum
496 2041 600 2083 aevum
622 2025 745 2102 peregit.
787 2025 897 2102 quippe
919 2029 950 2082 et
972 2039 1041 2082 vera

39 2124 123 2193 nona,
152 2130 227 2191 qnae
241 2113 273 2171 in
286 2110 447 2171 virtutibus
461 2113 518 2171 sita
531 2118 616 2192 sunt,
639 2111 825 2192 impleverat,
848 2118 878 2171 et
891 2109 1040 2171 consulari

39 2211 71 2260 nc
87 2198 316 2279 triumphalibus
336 2200 516 2259 ornamentis
538 2199 672 2278 praedito
696 2199 767 2277 quid
785 2198 864 2259 aliud
884 2199 1039 2259 adstruere
1053 2221 1079 2261 m

39 2281 153 2349 lonuna
166 2284 304 2366 poterat?
321 2287 428 2366 opibus
442 2288 541 2347 nimiis
555 2305 614 2347 non
628 2286 786 2369 gaudebat,
805 2289 956 2367 speciosae
971 2305 1039 2348 con·

39 2376 171 2455 ligerant.
195 2376 254 2435 tilia
277 2383 366 2454 atque
385 2393 477 2436 uxore
496 2375 707 2455 superstitibus
725 2383 825 2454 potest
842 2375 936 2435 videri
951 2376 1039 2435 etiam

39 2455 139 2526 bcatm
152 2464 295 2524 incolumi
308 2464 463 2545 dignitate,
486 2463 611 2523 florente
625 2463 714 2543 lama,
738 2463 824 2524 salvis
839 2462 1040 2522 adfinitatibus

39 2554 216 2623 ¹ntamicitiis
230 2553 331 2613 futura
341 2552 487 2630 eilugisse.
510 2569 578 2612 nam
588 2551 666 2611 sicut
676 2553 704 2610 ei
717 2568 778 2612 non
791 2552 878 2611 licuit
891 2549 998 2610 durare
1008 2550 1040 2608 iu

39 2632 111 2702 lanc
124 2640 288 2701 beatissimi
302 2639 413 2701 saeculi
426 2639 523 2699 lucem
537 2657 571 2698 ac
584 2640 748 2718 principem
757 2637 916 2698 Traianum
929 2635 1039 2717 ridere,
1054 2658 1080 2699 m

39 2729 114 2819 l1uod
136 2730 259 2807 augurio
280 2729 416 2807 votisque
436 2727 514 2806 apud
535 2734 653 2788 nostras
673 2727 753 2787 auris
778 2724 926 2786 ominabat
913 2732 977 2807 tur,
999 2727 1040 2786 ita

39 2928 44 2941 ·
106 2898 184 2965 43,8
202 2896 338 2978 principis
358 2898 487 2952 Muretus
502 2897 507 2966 Ι
522 2895 645 2950 uiseritis
663 2896 712 2965 ΒΙ
732 2902 748 2952 9
767 2896 938 2950 medicorum
955 2894 1041 2964 primi

83 2966 202 3023 11111ήῇ
193 2969 237 3021 mi
238 2967 288 3022 imi
305 2968 421 3048 &pesti
433 2969 448 3107 (l
475 2972 506 3020 11
526 2967 707 3035 constabant,
725 2983 773 3023 em.
792 2956 944 3022 Rhenanus
971 2968 976 3034 Ι
1006 2971 1039 3018 13

74 3036 135 3092 bitu
156 3038 283 3094 Ernesti:
312 3037 405 3093 animo
433 3039 570 3107 (sermone
595 3038 687 3104 Maior,
715 3053 762 3091 ore
789 3053 839 3092 noa
865 3034 1038 3105 qnondamt

76 3108 238 3175 ,1111111111
253 3108 380 3165 Ursinus:
398 3111 443 3163 ter
462 3107 632 3190 (iterumNa'
669 3109 759 3178 erdcp)
775 3110 811 3177 12
831 3105 922 3175 sexto]
938 3105 1040 3171 quarto

131 3197 179 3248 ass,
198 3179 298 3248 quinto
316 3181 489 3250 Nipperdey,
507 3178 572 3233 111
552 3183 590 3232 ιο
636 3180 724 3247 itterl
745 3178 870 3231 bmetus
888 3191 949 3228 mar
948 3190 982 3245 po
999 3176 1040 3228 A.

39 3253 157 3320 ,petus
169 3198 218 3304 Aq
221 3255 250 3320 (q
250 3253 306 3306 uod
322 3257 415 3305 tuetur
425 3181 577 3304 Schenkl'
564 3265 596 3302 m
615 3248 684 3314 Ζ.
680 3180 754 3303 ,1111
767 3247 811 3316 Gy
811 3263 864 3300 mn.
876 3245 945 3298 XII
944 3247 1042 3312 ,43,2)

39 3323 125 3376 uetus
144 3324 175 3376 11
191 3269 314 3390 impetus
332 3320 360 3374 Β
378 3317 532 3389 (imperiosi
554 3318 693 3386 Weidner)
717 3319 722 3386 Ι
747 3317 848 3372 dsunt
865 3331 915 3395 orn,
933 3285 961 3368 Β
981 3316 986 3383 Ι
1008 3320 1040 3367 11

39 3382 180 3457 {nociores
197 3408 255 3446 non
273 3391 461 3459 contigerant,
481 3406 528 3444 em.
548 3388 700 3442 Rhenanus
719 3388 724 3457 Ι
746 3392 779 3440 14
797 3385 872 3440 sicut
889 3382 916 3439 ei
933 3400 990 3438 non
1007 3382 1041 3437 11

71 3461 200 3520 ‘2t12aut
224 3461 309 3516 sicuti
327 3464 394 3531 (non
412 3459 545 3530 contigit
550 3459 638 3526 suppl.
658 3456 698 3512 H.
717 3457 817 3513 Subotis
830 3460 894 3527 post
911 3453 1041 3526 videre)l

39 3536 149 3593 bac.
160 3532 245 3601 .luce,
263 3549 312 3588 em.
330 3533 497 3600 Acidaliae!
515 3535 548 3584 13
567 3544 648 3582 aures
666 3531 694 3582 A

78 3632 193 3680 nom
204 3630 283 3672 PARS
296 3630 330 3671 11.
852 3620 887 3670 1ss
