2340 3982
126 235 191 301 262
473 234 643 290 CORNELII
659 234 778 291 Tucim

88 412 113 453 10
127 389 202 462 rent,
213 379 346 441 coetibus
356 399 390 441 ac
399 381 551 442 sacrificiis
557 383 806 460 conspirationem
815 383 972 444 civitatum
978 385 1123 447 sancirent

127 477 216 548 atque
229 470 269 529 ita
282 470 406 529 irritatis
419 471 569 548 utrimque
584 471 688 530 animis
703 468 877 531 discessum

198 553 249 619 28.
277 555 386 618 Eadem
415 566 525 617 aestate
553 557 660 617 cohors
692 556 852 636 Usiporum
878 574 934 635 per
963 557 1123 620 Germania

128 646 295 724 conscripta
314 651 344 704 et
361 646 392 705 in
406 643 588 705 Britanniam
601 647 776 705 transmissa
789 662 928 723 maguum
943 663 979 706 ac
992 642 1136 707 memore¹

128 733 185 794 bile
204 733 318 793 lacinus
337 749 408 792 ausa
426 740 480 793 est.
508 734 606 792 occiso
627 735 802 793 centurione
816 750 850 793 ac
864 732 1023 816 militibus,
1037 733 1123 815 quiid

127 821 300 882 tradendam
319 819 503 898 disciplinam
522 822 648 881 immixti
666 819 825 899 manipulis
844 821 1018 900 exemplum
1041 831 1123 884 etro

101 918 226 978 ,moros
244 908 441 990 habebantur,
469 910 524 969 tris
546 908 708 969 liburnicas
723 909 835 970 adactis
848 911 978 988 pervim
991 910 1123 990 guberne

128 995 244 1059 toribus
258 996 433 1076 ascendere3
454 1004 484 1057 et
497 1015 557 1058 uno
571 998 774 1077 renavigante,
794 999 942 1076 suspectis
957 998 1077 1060 duobus
1089 1017 1122 1059 ee

129 1101 186 1165 que
201 1085 378 1165 Interfectis,
397 1084 528 1145 nondum
546 1084 664 1163 vulgato
678 1103 799 1146 rumore
813 1092 848 1146 ut
861 1085 1043 1147 miraculum
1056 1104 1124 1166 pree

128 1172 319 1233 vehebantur.
333 1190 401 1233 mox
415 1172 451 1232 ad
466 1172 635 1252 aquandum
650 1181 737 1252 atque
756 1173 841 1234 utilia
854 1180 974 1253 raptum
983 1177 1126 1254 egressis

129 1279 197 1322 cum
204 1260 354 1340 plerisque
361 1260 570 1321 Britannorum
578 1278 630 1321 sua
638 1261 855 1322 defensantium
861 1260 975 1339 proelio
983 1262 1136 1342 congresdi

90 1377 115 1419 ιο
130 1367 163 1410 ac
177 1368 265 1428 saepe
278 1350 420 1428 victores,
443 1347 598 1427 aliquando
611 1349 704 1429 pulsi,
728 1368 762 1410 eo
781 1348 817 1409 ad
838 1356 1008 1411 extremum
1022 1352 1136 1433 inopiae

129 1456 246 1517 venere,
259 1444 293 1497 ut
306 1437 523 1497 infirmissimos
538 1453 669 1517 suorum,
683 1455 751 1497 mox
766 1445 847 1498 sorte
860 1437 968 1499 ductos
981 1456 1130 1502 vesceren-

128 1533 186 1585 tur.
215 1533 303 1603 atque
317 1525 358 1584 ita
373 1525 565 1584 circumvecti
577 1524 773 1605 Britanniam,
787 1527 903 1587 amissis
916 1543 973 1605 per
987 1529 1130 1590 inscitiam

128 1611 252 1690 regendi
266 1610 402 1692 navibus,
425 1629 480 1689 pro
498 1612 697 1690 praedonibus
711 1612 820 1694 habiti,
843 1615 973 1692 primum
988 1633 1007 1676 a
1023 1615 1131 1697 Suebis,

129 1718 196 1760 mor
211 1718 227 1760 a
241 1698 346 1760 Frisiis
360 1701 518 1778 intercepti
531 1708 609 1761 sunt.
646 1718 680 1761 ae
702 1700 786 1761 iuere
802 1720 876 1780 quos
889 1720 945 1781 per
959 1707 1132 1766 commercia

89 1814 115 1857 ιι
131 1788 321 1850 venumdatos
340 1796 369 1849 et
387 1790 418 1850 in
432 1796 564 1850 nostram
578 1806 672 1866 usque
687 1790 782 1866 ripam
796 1792 960 1851 mutatione
973 1795 1134 1854 ementium

129 1876 271 1939 adductos
286 1877 429 1938 indicium
443 1879 518 1937 tanti
532 1895 618 1937 casus
632 1875 808 1938 inlustravit

195 1962 247 2027 29.
269 1965 356 2026 initio
370 1967 490 2026 aestatis
502 1963 637 2043 Agricola
646 1964 809 2026 domestico
822 1964 945 2026 vulnere
954 1967 1049 2049 ictus,
1064 1985 1135 2030 anuo

129 2063 197 2116 ante
211 2061 313 2114 natum
327 2053 420 2114 tilium
433 2053 539 2112 amisit.
563 2069 651 2130 quem
666 2070 766 2113 casum
779 2071 876 2132 neque
890 2058 925 2114 ut
932 2053 1075 2134 plerique
1083 2057 1136 2117 ior

130 2145 205 2204 tium
225 2143 356 2201 virorum
374 2140 542 2219 ambitiose,
561 2157 658 2218 neque
680 2159 736 2218 per
749 2140 876 2201 lamenta
889 2159 999 2203 rursus
1014 2161 1049 2205 ac
1064 2162 1136 2205 mae

130 2247 229 2290 rorem
241 2226 427 2288 muliebriter
437 2226 518 2288 tulit:
533 2235 563 2288 et
576 2230 607 2288 in
617 2227 699 2289 luctu
709 2227 821 2289 bellum
833 2231 913 2290 inter
925 2232 1062 2292 remedia
1070 2240 1136 2294 erat

104 2319 223 2395 sigitur
232 2314 503 2396 praemissaclasse,
518 2334 593 2394 quae
607 2315 742 2394 pluribus
757 2316 830 2378 locis
843 2317 984 2395 praedata
999 2337 1136 2399 magnum

131 2412 161 2465 et
175 2405 322 2463 incertum
336 2410 481 2465 terrorem
495 2404 619 2485 iaceret,
642 2405 778 2482 expedito
793 2406 942 2485 exercitu,
961 2409 1012 2468 cui
1027 2425 1066 2468 ex
1079 2407 1136 2470 liri

131 2493 229 2553 tannis
252 2492 429 2553 fortissimos
453 2501 484 2552 et
506 2490 591 2571 longa
617 2510 690 2571 pace
715 2492 882 2571 exploratos
905 2492 1079 2578 addiderat,
1107 2495 1136 2557 ad

130 2589 262 2643 montem
272 2580 433 2658 Graupium
443 2582 587 2660 pervenit,
602 2598 690 2659 mem
704 2582 763 2641 iam
776 2581 872 2641 hostis
886 2581 1047 2643 insederat
1074 2601 1136 2645 nam

131 2669 266 2730 Britanni
284 2668 358 2729 nihil
376 2669 463 2729 tracti
480 2686 597 2747 pugnae
615 2670 725 2746 prioris
739 2676 860 2750 eventu,
884 2677 915 2730 et
928 2668 1078 2732 ultonem
1092 2679 1136 2733 ant

92 2782 118 2822 ιο
132 2759 286 2818 servitium
302 2764 500 2836 expectantes,
513 2755 691 2835 tandemque
706 2756 786 2818 docti
800 2775 957 2818 commune
970 2759 1136 2837 periculum

167 2994 173 3007 1
198 2924 248 3006 Ι27,
264 2929 298 2979 10
316 2922 477 3006 ciuitatium
494 2925 536 3006 li,
554 2925 617 2981 itan
633 2928 733 2992 29,12
757 2928 762 2996 Ι
786 2925 833 2994 28,
849 2931 863 2980 1
882 2924 1030 2998 usiporum
1047 2929 1077 2984 A
1095 2930 1136 3010 (tir

131 3012 286 3066 usrprorum
303 2996 331 3049 B
347 2995 352 3063 i
367 3000 385 3048 4
402 2995 536 3062 mmmmm,
555 3012 603 3052 een.
614 2996 784 3051 Puteolanos
799 2999 804 3067 Ι
820 3002 836 3051 5
855 2997 912 3051 tree
930 2997 958 3051 A
973 2999 978 3066 Ι
995 3004 1013 3053 d
1031 3014 1134 3054 renam·

131 3069 217 3137 gente
237 3067 366 3122 Metteeli:
393 3065 551 3134 remigante
569 3068 722 3135 (remeante
741 3066 930 3135 Hemieitaeo,
947 3070 1068 3137 regente
1085 3069 1133 3125 De

131 3140 242 3204 derlev'm
260 3135 449 3206 morigerante
473 3136 554 3204 Wex,
573 3136 730 3218 refugiente
749 3138 923 3219 Andreseesii
944 3145 960 3194 8
978 3140 1133 3208 aquandum

131 3225 193 3264 nas:
213 3224 316 3276 equam
336 3209 340 3276 Ι
364 3206 457 3276 Atque
475 3209 508 3262 ut
525 3207 577 3262 illa
594 3207 689 3278 (utilia
706 3209 747 3264 oei
764 3207 899 3263 utensiiia
916 3207 1034 3281 Setting)
1052 3208 1133 3282 raptis

132 3295 226 3334 seeum
249 3277 392 3348 plerisque
415 3279 475 3333 AB
497 3280 628 3344 (altorem
650 3284 763 3334 conates
787 3281 820 3335 de
837 3281 895 3336 ioco
912 3280 970 3335 iam
987 3278 1134 3337 insanabili

131 3366 155 3405 v.
174 3351 251 3474 αρῖἀ
274 3349 445 3431 Ψεωίιωηορ.
464 3354 566 3473 280Aet
582 3351 615 3405 io
628 3351 695 3432 edd.
711 3351 880 3473 (podreeeoi)
903 3352 909 3420 i
935 3353 1067 3474 μῶμοι]
1085 3366 1133 3406 mo

131 3436 208 3555 {3³²1
229 3422 783 3558 SeptippaepppptppBwpieprpmpffimupe
795 3421 920 3546 {altoilo
932 3437 1073 3550 1qupr
1088 3419 1135 3560 iBl

128 3557 283 3629 Gmapiam
301 3560 351 3630 ΑΙ,
372 3558 536 3632 Grampium
556 3561 725 3618 Puteolanus
745 3563 752 3631 i
770 3567 804 3617 10
822 3561 978 3633 perieulum
995 3576 1136 3622 commune
