2340 3982
382 185 587 241 summonte
608 193 719 241 19—23.
972 187 1036 251 259

19 339 106 410 toga.
134 331 335 412 paulatimque
354 332 531 394 descensum
549 333 584 392 ad
600 332 795 392 delenimenta
808 335 955 415 vitiorum,
969 353 1036 413 por·
1051 357 1078 398 rc

20 421 108 482 ticus
125 427 156 480 et
168 419 284 480 balinea
298 427 328 481 et
346 422 550 481 conviviorum
564 419 745 498 elegantiam.
781 419 870 498 idque
888 423 965 500 apud
983 425 1036 483 im·

22 509 146 588 peritos
160 507 329 568 humanitas
343 507 512 589 vocabatur,
526 526 594 568 cum
607 525 677 587 pars
696 508 848 568 servitutis
863 518 949 571 esset

98 593 150 656 22.
173 596 294 657 Tertius
317 595 539 674 expeditionum
559 614 654 656 annus
677 614 766 656 novas
790 597 887 674 gentis
909 600 1037 678 aperuit,

24 686 152 754 vastatis
172 702 267 762 usque
282 684 318 745 ad
333 684 465 745 Tanaum
485 678 645 766 (aestuario
663 702 770 744 nomen
786 681 845 764 est)
860 685 1037 746 nationibus.

27 791 90 852 qua
111 772 269 833 formidine
289 774 388 833 territi
408 772 508 832 hostes
529 790 706 851 quamquam
725 772 925 832 conflictatum
944 774 1038 833 saeris

24 859 259 939 tempestatibus
274 862 438 921 exercitum
452 859 597 921 lacessere
612 878 672 920 non
687 863 763 940 ausi,
777 861 981 939 ponendisque
995 863 1039 921 in·

26 966 126 1027 super
140 946 268 1008 castellis
283 949 409 1026 spatium
423 947 488 1011 tuit
515 948 692 1009 adnotabant
706 951 795 1027 periti
808 966 869 1009 non
882 949 972 1009 alium
987 950 1038 1010 du·
1052 973 1066 1015 a

10 1054 98 1109 ¹cem
118 1037 353 1113 opportunitates
377 1035 512 1098 locorum
534 1039 696 1115 sapientius
718 1037 841 1116 legisse3
868 1037 982 1098 nullum
1001 1037 1037 1097 ab

24 1122 167 1202 Agricola
186 1125 316 1202 positum
334 1123 487 1201 castellum
506 1133 557 1184 aut
574 1126 603 1184 vi
625 1124 755 1186 hostium
774 1134 973 1202 expugnatum
988 1131 1038 1185 aut

25 1213 168 1293 pactione
184 1229 217 1270 ac
232 1210 301 1290 luga
316 1212 481 1292 desertum,
509 1230 577 1272 nam
598 1212 739 1272 adversus
757 1231 855 1273 moras
875 1213 1038 1273 obsidionis
1076 1223 1085 1247 ··

27 1300 138 1367 annuis
158 1301 252 1377 copiis
269 1300 472 1361 firmabantur.
508 1301 549 1360 ita
567 1301 713 1378 intrepida
727 1301 770 1360 ibi
783 1300 891 1381 hiems,
916 1301 1038 1361 crebrae

27 1388 204 1465 eruptiones
223 1393 253 1446 et
271 1387 328 1448 sibi
352 1390 477 1467 quisque
498 1388 660 1467 praesidio,
684 1390 777 1449 irritis
791 1389 928 1449 hostibus
943 1407 1037 1468 eoque
1053 1413 1079 1454 ιο

27 1475 275 1555 desperantibus,
299 1477 367 1553 quia
388 1475 468 1536 soliti
485 1475 660 1554 plerumque
679 1477 783 1537 damna
802 1479 922 1538 aestatis
940 1477 1038 1536 hiber·

27 1565 79 1625 nis
99 1563 254 1624 eventibus
272 1581 398 1641 pensare
416 1571 480 1625 tum
498 1567 608 1625 aestate
632 1572 719 1642 atque
738 1566 835 1625 hieme
854 1567 935 1626 iuxta
949 1565 1039 1644 pelle·

28 1651 150 1712 bantur.
187 1669 242 1712 nec
263 1651 398 1730 Agricola
418 1670 559 1729 umquam
577 1669 631 1729 per
650 1651 721 1712 alios
736 1660 818 1730 gesta
832 1653 934 1713 avidus
949 1657 1039 1713 inter·

29 1741 126 1817 cepit:
154 1757 207 1800 seu
222 1741 357 1800 centurio
372 1757 425 1800 seu
440 1739 608 1817 praelectus
622 1740 829 1815 incorruptum
849 1740 919 1799 lacti
932 1749 1040 1801 testem

28 1824 168 1888 habehat
200 1827 278 1905 apud
296 1827 438 1906 quosdam
453 1826 587 1886 acerbior
604 1828 635 1886 in
654 1828 794 1886 conviciis
813 1826 996 1905 narrabatur,
1010 1834 1040 1887 et
1054 1851 1080 1894 ιε

32 1922 100 1976 erat
113 1922 147 1974 ut
161 1917 253 1975 cornis
267 1915 366 1995 bonis,
378 1918 420 1975 ita
434 1914 574 1976 adversus
588 1913 680 1974 malos
694 1913 882 1974 iniucundus.
906 1922 1040 1974 ceterum

32 2020 70 2064 ex
84 2003 238 2063 iracundia
256 2002 330 2062 nihil
349 2009 504 2080 supererat
518 2012 675 2083 secretum,
688 2010 723 2062 ut
737 2001 888 2062 silentium
902 2003 966 2084 eius
980 2019 1040 2062 non

32 2091 172 2152 timeres:
186 2089 340 2151 honestius
354 2090 477 2169 putabat
491 2091 639 2151 ollendere
655 2109 742 2168 quam
757 2091 863 2150 odisse.

102 2175 154 2240 23.
169 2177 279 2248 Quarta
286 2186 382 2239 aestas
389 2177 557 2240 obtinendis
564 2197 639 2258 quae
646 2185 876 2257 percucurrerat
882 2179 1041 2259 insumpta3

10 2300 12 2343 :
35 2283 71 2327 ac
84 2268 111 2327 si
124 2268 219 2327 virtus
234 2269 418 2328 exercituum
437 2275 467 2328 et
480 2267 604 2330 Romani
621 2269 750 2327 nominis
767 2266 859 2345 gloria
879 2277 1041 2347 pateretur,

10 2348 15 2395 ²·
36 2355 175 2416 inventus
194 2356 225 2414 in
243 2357 307 2433 ipsa
325 2354 477 2416 Britannia
491 2357 644 2416 terminus.
668 2373 794 2433 namque
809 2354 890 2414 Clota
905 2363 934 2414 et
948 2354 1041 2414 Bodo-

36 2445 94 2504 tria
115 2443 225 2504 diversi
243 2445 333 2503 maris
346 2443 478 2504 aestibus
496 2462 550 2522 per
564 2445 731 2502 inmensum
745 2450 888 2521 revectae,
916 2449 1040 2519 angusto

39 2537 187 2593 terrarum
201 2533 295 2609 spatio
310 2530 504 2592 dirimuntur:
529 2531 606 2610 quod
622 2538 685 2591 tum
698 2529 853 2608 praesidiis
869 2529 1041 2589 firmabatur
1055 2552 1069 2594 c

40 2627 126 2699 atque
141 2621 237 2679 omnis
250 2621 373 2698 propior
382 2621 465 2681 sinus
477 2619 642 2699 tenebatur,
657 2618 811 2678 summotis
825 2615 946 2677 velutin
956 2616 1042 2677 aliam

39 2706 165 2769 insulam
179 2706 323 2768 hostibus.
682 2736 684 2741 ⁴

109 2945 157 3012 et,
172 2951 206 3001 10
224 2946 388 3001 descensum
398 2947 533 3003 Pteteoa:
552 2945 704 2999 discessum
720 2947 724 3014 Ι
741 2944 924 2998 delinimenta
942 2947 977 3012 A,
997 2944 1043 2997 de·

37 3013 205 3071 liniamenta
222 3018 250 3071 B
266 3019 271 3086 Ι
288 3024 320 3072 11
339 3017 456 3071 balneos
474 3017 515 3082 Β,
532 3016 659 3071 bnlineea
678 3016 768 3069 Ritter
783 3017 788 3084 l
804 3017 849 3080 22,
866 3021 878 3066 1
899 3016 997 3080 gentes
1016 3014 1044 3066 Α

37 3084 76 3159 11
96 3085 205 3140 Tavum
224 3088 325 3156 Gldelt,
351 3089 457 3142 Tavum
474 3088 634 3158 Nipperdey
658 3090 662 3155 Ι
687 3083 849 3153 regionibus
867 3084 1017 3136 Hulleman
1036 3083 1041 3154 l

10 3188 12 3221 ς
35 3162 52 3214 8
72 3159 126 3212 aut
144 3157 213 3226 fuga
230 3158 258 3213 B
286 3163 292 3230 Ι
320 3165 337 3214 t
356 3159 469 3213 crebrae
488 3158 647 3226 eruptiones
665 3159 717 3212 lucc
735 3156 960 3221 composuimus,
979 3154 1045 3207 labri

30 3233 99 3300 post
117 3227 260 3282 desertum
279 3232 314 3297 (u.
332 3233 363 3300 8)
380 3232 479 3285 habeut
494 3233 499 3299 Ι
516 3237 548 3283 13
568 3228 677 3281 auidius
696 3227 738 3291 B,
751 3224 854 3278 lividus
874 3224 993 3290 Haupt!
1011 3229 1043 3277 16

34 3297 180 3355 conuiuiis
199 3300 272 3354 A¹B
291 3303 296 3370 Ι
316 3301 346 3354 et
364 3302 425 3354 erat
443 3302 475 3353 ut
493 3300 673 3354 Hearicltsert:
693 3297 804 3349 uteret
823 3296 827 3362 Ι
851 3301 880 3346 17
901 3295 1047 3360 supererat

33 3372 189 3438 secretum,
207 3372 241 3424 ut
258 3372 387 3427 destinuit
395 3372 543 3425 Dd'derleic
558 3372 563 3438 1
578 3370 629 3492 ut}
641 3367 687 3421 vel
702 3367 753 3422 Fr.
762 3366 857 3446 doech,
875 3367 924 3416 aut
942 3364 1046 3430 Haase,

32 3444 65 3498 et
87 3441 261 3496 Puteolanus
285 3443 290 3511 1
315 3442 360 3511 ta,
376 3448 390 3495 1
409 3441 585 3510 percurrerat
649 3441 653 3507 Ι
674 3444 689 3492 2
709 3434 1047 3506 glor1som.B13'erat

30 3511 172 3569 inventus
190 3513 284 3567 malim

846 3594 905 3644 W*
