2378 3982
136 189 201 254 288
248 272 250 276 Ι
486 187 654 243 CORNELII
671 187 791 242 rhem

136 344 211 415 ctus,
226 353 294 396 cum
307 335 466 414 Vipstanus
480 335 613 396 Messalla
631 335 801 397 cubiculum
817 334 908 414 [eius]
923 337 1081 414 ingressus
1095 345 1146 418 est,

137 425 364 502 suspicatusque
388 442 424 484 ex
445 425 508 502 ipsa
528 426 691 485 intentione
711 423 895 502 singulorum
914 423 1053 485 altiorem
1071 427 1146 485 inter

136 529 188 573 eos
208 529 275 572 esse
293 530 473 592 sermonem,
496 507 578 573 ‘num
592 530 697 590 parurn
711 507 916 591 tempestivus'
930 514 1032 591 inquit
1046 508 1143 574 ‘inler-

109 624 123 667 ι
136 602 204 660 reni
218 607 366 660 secretum
379 599 536 660 consilium
546 607 596 660 aut
606 618 712 661 causae
723 599 848 660 alicuius
858 599 1082 662 meditationem
1091 609 1141 661 tra-

137 683 320 749 ctantibust'

202 771 347 856 Minime,
372 770 506 835 minime'
525 777 622 853 inquit
642 775 810 856 Secundus,
831 771 930 854 ‘atque
949 775 1024 837 adeo
1042 775 1134 837 vellen

135 866 281 924 maturius
294 864 517 944 intervenisses3
538 862 713 924 delectasset
727 865 807 923 enim
820 871 850 924 te
864 870 895 923 et
908 863 981 942 Apri
995 867 1090 925 nostri
1098 883 1133 925 ac·
1169 912 1170 915 ι

136 953 342 1012 curatissimus
357 969 464 1032 sermo,
478 969 546 1011 curn
556 951 721 1011 Maternum
735 959 769 1011 ut
783 969 869 1012 omne
879 953 1031 1029 ingenium
1041 971 1075 1013 ao
1084 960 1131 1013 stu·

94 1066 124 1124 ,ιο
138 1040 220 1100 dium
238 1057 326 1100 suum
340 1039 375 1100 ad
390 1057 494 1101 causas
509 1039 636 1118 agendas
650 1046 838 1100 converteret
851 1039 1025 1101 exhortatus
1039 1048 1094 1121 est,
1110 1046 1130 1100 et

136 1127 261 1188 Materni
288 1145 343 1205 pro
371 1126 553 1188 carminibus
581 1129 643 1188 suis
669 1126 758 1207 laeta,
781 1135 873 1206 utque
900 1136 1004 1205 poetas
1027 1127 1130 1189 delendi

137 1215 273 1296 decebat,
307 1214 462 1276 audentior
490 1223 520 1276 et
546 1223 701 1294 poetarum
729 1233 816 1294 quam
842 1223 994 1276 oratorum
1021 1216 1131 1277 similior

137 1299 252 1365 oratio?

204 1387 261 1451 ‘Me
275 1385 357 1450 vero'
372 1392 469 1468 inquit
484 1386 554 1466 ‘[et]
570 1407 667 1449 sermo
686 1391 743 1450 iste
761 1391 877 1451 inlinita
896 1391 1047 1469 voluptate
1065 1392 1130 1454 adie-

97 1504 123 1546 ιι
137 1481 241 1560 cisset,
255 1487 343 1557 atque
358 1477 387 1537 id
402 1480 499 1555 ipsum
514 1476 653 1559 delectat,
668 1478 746 1556 quod
761 1497 813 1538 vos
817 1527 827 1560 ,
840 1481 896 1540 viri
909 1483 1015 1558 optimi
1028 1488 1059 1540 et.
1071 1489 1130 1541 tem·

136 1584 243 1645 porum
266 1573 436 1625 nostrorum
466 1572 612 1646 oratores,
639 1583 699 1625 non
727 1565 895 1627 forensibus
918 1575 1034 1629 tantum
1057 1585 1131 1646 nego·

137 1655 187 1715 tiis
208 1661 238 1713 et
251 1652 459 1714 declamatorio
474 1654 572 1713 studio
587 1655 704 1732 ingenia
717 1662 815 1715 vestra
829 1658 989 1736 exercetiS,
1009 1656 1061 1718 sed
1078 1659 1131 1716 eius
1156 1694 1159 1699 -

136 1740 216 1802 modi
235 1743 323 1802 etiam
342 1742 558 1819 disputationes
577 1742 739 1821 adsumitis,
759 1761 833 1820 quae
852 1751 881 1803 et
895 1745 1048 1822 ingenium
1062 1745 1131 1805 alunt

137 1829 1132 1893 eteruditionisaclitterarumiuoundissimumoblectamentumcnm

96 1942 124 1987 ιο
137 1917 229 2000 vobis,
244 1921 295 1998 qui
308 1921 365 1979 ista
379 1919 545 1999 disputatis,
560 1917 705 1998 adierunt,
725 1927 789 1979 tum
803 1920 891 1979 etiam
905 1921 951 1999 iis,
966 1920 1002 1979 ad
1017 1935 1132 2000 quorum

137 2025 224 2068 aures
238 2008 436 2085 pervenerint.
464 2008 563 2084 itaque
581 2005 680 2065 hercle
694 2024 754 2066 non
767 2009 865 2067 minus
880 2006 1001 2085 probari
1014 2008 1132 2070 videoin

136 2103 181 2176 te,
205 2094 354 2175 Secunde,
382 2093 460 2172 quod
487 2093 544 2154 luli
565 2093 697 2154 Africani
723 2097 809 2154 vitam
836 2096 1039 2173 componendo
1061 2112 1132 2176 spen

136 2181 307 2244 hominibus
321 2183 420 2242 fecisti
430 2180 561 2259 plurium
571 2182 722 2242 eiusmodi
733 2181 886 2263 librorum,
902 2202 991 2262 quam
1001 2184 1134 2246 damnari

137 2273 168 2330 in
187 2269 279 2350 Apro,
298 2270 376 2348 quod
396 2269 527 2329 nondum
546 2267 582 2329 ab
597 2269 781 2331 scholasticis
795 2274 1006 2332 controversiis
1020 2271 1133 2334 recessit

98 2382 125 2424 ιι
138 2365 169 2417 et
182 2359 275 2417 otium
288 2374 375 2417 suum
384 2356 495 2417 mavult
505 2375 647 2418 novorum
657 2358 810 2418 rhetorum
819 2376 902 2419 more
912 2378 1001 2438 quam
1010 2369 1131 2422 veterum
1169 2403 1170 2409 κ

139 2453 288 2505 oratorum
303 2440 504 2506 consumere’

207 2529 257 2595 15.
275 2533 351 2594 Tum
369 2533 461 2612 Aper:
485 2529 556 2594 ‘non
577 2532 697 2615 desinis,
715 2534 858 2615 Messalla,
872 2543 972 2596 vetera
985 2543 1098 2597 tantum
1109 2539 1132 2593 et
1168 2549 1170 2575 ⁵

137 2624 258 2701 antiqua
278 2623 393 2702 mirari,
415 2630 585 2682 nostrorum
605 2630 702 2682 autem
721 2630 888 2700 temporum
902 2623 1000 2684 studia
1015 2624 1131 2684 inridere

138 2718 227 2790 atque
247 2719 445 2771 contemnere.
468 2728 536 2769 nam
554 2709 634 2770 hunc
649 2718 734 2770 tuum
749 2729 915 2771 sermonem
930 2730 1017 2790 saepe
1034 2712 1131 2790 excepi,

139 2815 207 2858 cum
226 2798 335 2858 oblitus
354 2805 383 2857 et
402 2804 470 2857 tuae
489 2804 519 2857 et
536 2798 637 2857 fratris
655 2800 699 2858 tui
719 2798 903 2878 eloquentiae
921 2803 1070 2861 neminem
1087 2799 1132 2859 hoc

111 2909 125 2952 ι
139 2893 272 2964 tempore
282 2893 429 2946 oratorem
440 2903 505 2946 esse
515 2885 710 2947 contenderes
720 2905 830 2964 parem
840 2889 978 2968 antiquis,
992 2906 1038 2968 eo,
1048 2886 1133 2964 credo,

209 3021 255 3089 14,
269 3027 285 3075 2
306 3037 368 3074 eum
387 3020 437 3075 al.
455 3020 516 3074 tum
541 3019 714 3089 {Vipstanus
735 3021 762 3077 0.
781 3021 817 3075 A
836 3021 989 3090 Rupertuc·
1007 3018 1134 3076 Vibeuins

82 3108 85 3115 ’
137 3091 234 3159 BOF,
252 3090 420 3145 Liboniusb
445 3093 450 3160 Ι
476 3091 559 3161 [eius]
579 3090 693 3145 Ernesti
716 3094 721 3154 Ι
746 3093 831 3145 deut
847 3109 909 3147 nos:
929 3094 958 3146 ot
974 3095 978 3161 Ι
995 3098 1011 3146 ‘1
1031 3091 1135 3146 minime

136 3164 215 3218 semet
232 3162 261 3215 Β
276 3163 280 3229 Ι
298 3169 330 3216 10
349 3163 378 3215 et
395 3161 524 3215 hortatus
540 3164 544 3228 l
563 3166 594 3214 12
614 3160 757 3216 ardentior
773 3163 900 3217 Benene
915 3162 920 3233 Ι
937 3168 970 3216 14
989 3178 1055 3217 uere
1071 3167 1075 3232 Ι
1090 3157 1138 3232 [et]

137 3250 187 3288 nos
202 3235 207 3303 1
222 3231 276 3285 iste
294 3249 356 3287 nos:
375 3230 437 3301 ipse
453 3235 456 3299 Ι
475 3239 507 3287 16
526 3230 628 3284 summi
647 3233 772 3285 oratores
790 3249 840 3287 noe
857 3234 1015 3314 quoidam!
1034 3240 1066 3288 19
1085 3247 1137 3314 eru·

137 3302 259 3357 ditiones
275 3304 280 3370 Ι
296 3309 329 3356 22
348 3301 651 3372 AfricaniNipperdey:
671 3301 783 3356 asiatici
799 3306 803 3371 Ι
819 3309 853 3357 23
873 3303 1001 3356 damnari
1014 3321 1086 3374 supp
1087 3301 1134 3359 leot

137 3372 291 3443 improbari
310 3375 373 3428 add
393 3372 641 3441 Aodreseo124e
661 3373 1040 3441 OFllb,1nonbnum
1045 3320 1170 3431 BOA*

136 3447 301 3512 (numquam
318 3439 455 3513 Bdbreoe)
479 3447 484 3508 Ι
509 3448 525 3497 5
543 3458 640 3512 parem
659 3444 721 3498 add.
740 3443 856 3524 Iaipstua
874 3445 956 3513 (idem
973 3447 1058 3500 etiam
1076 3444 1141 3502 coeti

137 3513 320 3568 contenderes
325 3515 436 3593 ,etque
454 3513 485 3567 id
502 3516 555 3583 eo),
574 3530 613 3568 an
630 3529 697 3583 prae
716 3512 861 3583 antiquis?
