2340 3982
366 208 568 265 nufflcounu
587 217 700 267 44-46.
974 214 1040 278 275

96 354 148 420 46.
173 357 205 418 Si
226 360 293 438 quis
317 360 437 439 piorum
454 357 592 419 manibus
610 357 711 439 locus,
734 360 775 439 si,
798 366 832 420 ut
854 360 1039 438 sapientibus
1109 433 1112 438 Ι

10 443 139 527 .,placet
163 464 222 507 non
243 464 311 508 cum
325 464 451 525 corpore
466 446 681 536 extinguuntur
694 464 816 524 magnae
831 448 957 530 animae,
978 449 1038 528 pla·

10 533 96 609 {cide
115 536 266 616 quiescas,
289 552 404 614 nosque
419 523 538 594 donium
556 540 638 594 tuam
652 532 689 594 ab
707 534 824 595 infirmo
843 534 990 597 desiderio
1008 545 1039 598 et

33 621 225 684 muliebribus
244 621 382 682 lamentis
400 622 437 682 ad
461 620 737 700 contemplationem
755 624 900 683 virtutum
920 629 1038 686 tuarum

33 724 126 791 voces,
141 729 215 789 quas
228 728 327 789 neque
341 710 437 788 lugeri
451 727 547 788 neque
561 708 660 789 plangi
674 710 718 770 ias
732 718 786 770 est.
801 710 994 771 admiratione
1009 719 1038 773 te
1051 735 1065 777 s

53 799 129 859 otius
137 806 168 859 et
174 797 391 859 immortalibus
401 796 538 857 laudibus
552 804 592 878 et,
601 800 628 857 si
635 805 740 859 natura
749 799 928 879 suppeditet,
938 798 1039 860 simili·

65 886 134 947 dine
154 885 300 946 colamus:
323 887 452 946 isrerus
466 885 569 965 honos,
589 903 624 945 ea
644 887 881 947 coniunctissimi
894 888 1039 966 cuiusque

50 973 135 1035 letas.
167 973 198 1034 id
221 973 297 1034 filiae
322 990 439 1053 quoque
463 974 609 1052 uxorique
630 975 847 1055 praeceperim,
870 976 914 1035 sic
936 977 1039 1056 patris,

57 1081 73 1122 o
89 1062 189 1122 mariti
203 1063 375 1122 memoriam
388 1063 536 1142 venerari,
562 1069 596 1122 ut
613 1063 711 1122 omnia
730 1062 807 1122 iacta
821 1062 958 1142 dictaque
972 1064 1038 1124 eius

64 1167 133 1211 cum
149 1148 313 1228 revolvant,
341 1149 525 1228 formamque
544 1167 577 1210 ac
596 1149 720 1228 liguram
739 1151 830 1210 animi
842 1152 936 1229 magis
950 1168 1038 1230 quam
1052 1175 1079 1215 ro

66 1238 164 1316 rporis
179 1236 422 1320 complectantur,
436 1255 497 1298 non
512 1238 581 1317 quia
595 1236 839 1299 intercedendum
852 1245 955 1317 putem
968 1240 1039 1298 ima·

80 1324 148 1386 ibus
163 1343 239 1404 quae
256 1343 403 1386 marmore
422 1333 473 1385 aut
491 1343 558 1385 aere
572 1326 734 1407 iingrmtur,
748 1325 809 1406 sed,
823 1333 857 1386 ut
870 1325 970 1387 vultus
988 1326 1040 1386 ho-

20 1448 23 1453 ·
61 1415 152 1495 inum,
166 1416 207 1474 ita
221 1413 380 1474 simulacra
388 1413 487 1474 vultus
496 1413 643 1474 imbecilla
656 1432 690 1475 ac
704 1413 839 1475 mortalia
852 1421 931 1495 sunt,
945 1414 1039 1474 lorma

61 1503 139 1563 entis
154 1508 286 1582 aeterna,
306 1519 394 1581 quam
412 1509 515 1562 tenere
529 1508 560 1562 et
578 1503 744 1581 exprimere
762 1521 823 1563 non
841 1520 895 1580 per
913 1501 1039 1562 alienam

21 1591 182 1651 materiam
203 1596 233 1649 et
256 1597 365 1670 artem,
393 1589 445 1650 sed
459 1590 520 1650 tuis
533 1590 598 1667 ipse
611 1590 746 1651 moribus
758 1592 864 1670 possis.
894 1589 1038 1670 quidquid
1052 1611 1079 1653 ιι

10 1688 67 1763 Ιοι
80 1677 217 1756 Agricola
231 1679 405 1758 amavimus,
430 1676 575 1756 quidquid
588 1679 688 1737 mirati
702 1695 819 1757 sumus,
842 1686 941 1739 manet
958 1697 1039 1740 man-

10 1768 193 1844 iturumque
216 1767 288 1826 est
280 1783 311 1826 m
325 1767 431 1826 animis
449 1765 615 1845 hominum,
629 1766 661 1824 in
675 1767 848 1825 aeternitate
862 1772 1039 1846 temporum,

21 1850 62 1916 in
75 1854 152 1915 fama
170 1871 286 1934 rerum3
300 1871 369 1914 nam
387 1853 496 1914 multos
510 1859 644 1914 veterum
658 1851 739 1912 velut
756 1851 898 1930 inglorios
913 1855 966 1912 et
958 1871 1040 1931 igno-

10 1932 102 2005 'blus
120 1939 228 2002 oblivio
243 1940 357 2003 obruit.
376 1941 512 2020 Agricola
530 1942 699 2021 posteritati
716 1947 854 2001 narratus
869 1947 899 2000 et
912 1940 1040 2001 traditus

14 2031 286 2109 ²tnpersteser1t
1053 2048 1080 2088 ro

82 2197 141 2252 itus
159 2213 190 2252 es
208 2213 304 2269 eampo
320 2197 439 2322 Aul,
393 2197 439 2265 46,
454 2204 470 2253 3
489 2213 596 2265 nosque
615 2200 645 2253 ei
662 2197 776 2252 domum
799 2197 926 2268 Urlichs}
945 2203 963 2252 4
980 2214 1039 2252 mu-

44 2267 148 2323 'bus
166 2268 225 2339 ΒΙ
249 2274 347 2323 taem
378 2268 472 2322 atione
491 2269 685 2338 Cornelissen!
705 2277 720 2324 6
740 2270 771 2323 ei
781 2269 827 2350 (ts
844 2268 884 2323 Ia·
879 2268 997 2338 poium·
988 2285 1040 2322 rm-

137 2338 199 2394 bus
217 2340 377 2395 Acidaliae.
395 2341 455 2393 tem
475 2338 620 2410 orelibusl
640 2270 826 2395 similitudine
845 2340 969 2396 Grotius:
987 2338 1039 2393 mi·

52 2409 170 2481 tumA,
187 2409 308 2464 multum
325 2410 353 2464 Β
370 2339 620 2479 (commitatu¹
543 2409 711 2480 Haterium}
728 2409 882 2464 'leolamus
897 2411 1039 2466 Moero:

10 2370 197 2547 {decoramus
216 2481 389 2562 (decoremur
413 2479 539 2547 Ursinus)
564 2483 569 2550 Ι
595 2412 819 2546 romanamque
838 2481 979 2535 Macetae.
998 2479 1039 2533 fe-

10 2550 126 2620 eumq
125 2566 161 2606 uo
177 2554 181 2620 l
198 2556 231 2606 11
250 2549 474 2606 interdicendum
496 2550 648 2631 Ursinusl·
653 2555 686 2605 13
704 2547 858 2604 imbecillia
874 2550 902 2604 B
917 2551 924 2619 Ι
940 2555 973 2604 to
991 2550 1038 2620 ex]

69 2567 241 2749 θοὲιιιιιιιιι
255 2625 262 2693 Ι
277 2621 411 2678 ιάιιιίιιιιὶ
424 2621 551 2692 Wdlfflio
566 2623 571 2692 Ι
588 2627 621 2676 18
639 2618 671 2675 in
683 2621 861 2691 addidimus!
878 2625 912 2676 19
930 2619 1040 2690 obruet,

10 3058 30 3371 ,l
