2340 3982
127 189 192 254 302
481 183 793 241 coeuccnusclm

128 338 195 416 opia
214 334 380 414 bominum,
399 334 451 395 sed
472 333 584 394 desidia
602 333 765 393 iuventutis
783 339 815 392 et
831 329 1016 410 neglegentia
1031 348 1114 410 paren

126 432 191 484 tum
212 430 242 484 et
260 423 417 484 inscientia
430 423 677 501 praecipientium
691 428 721 482 et
735 419 881 481 oblivione
896 421 989 480 moris
1003 414 1113 498 antiqui?

77 523 80 529 '
128 529 204 591 quac
222 510 297 571 mala
315 513 446 589 primurn
470 512 502 571 in
523 509 598 570 urbe
613 517 688 590 nata,
707 527 775 570 mox
788 527 843 586 per
857 507 971 569 ltaliam
985 509 1054 583 fuse,
1070 508 1113 567 ian

128 603 159 661 in
177 600 345 678 provincias
364 605 492 659 manant.
516 615 694 678 quamquam
713 603 810 657 vestro
823 596 908 657 vobis
923 598 1037 657 notiora
1050 601 1113 656 sunt:

89 710 115 750 10
128 705 182 766 ego
197 688 233 748 de
247 687 322 748 urbe
337 694 367 747 et
380 686 469 746 buius
479 688 609 764 propriis
619 704 652 747 ac
666 684 832 746 vernaculis
842 686 923 745 vitiis
933 684 1044 765 loquar,
1056 699 1114 762 quae

128 784 213 864 natos
232 777 332 836 statim
350 776 503 853 excipiunt
521 782 551 834 et
568 791 622 852 per
641 773 773 852 singulos
792 775 896 834 aetatis
911 773 1020 851 gradus
1033 789 1113 833 cumu-

128 865 239 944 lantur,
263 866 290 923 si
311 864 395 941 prius
418 862 455 922 de
478 865 635 923 severitate
657 880 692 922 ac
715 861 870 940 disciplina
888 863 1034 922 maiorum
1054 861 1114 921 circs

129 949 297 1013 edocendos
312 951 541 1030 formandosque
555 949 664 1010 liberos
678 967 772 1028 pauca
789 949 973 1028 praedixero.
996 967 1059 1010 nam
1071 947 1114 1026 pri·

128 1040 196 1100 dem
215 1057 288 1100 suus
307 1041 415 1118 cuique
436 1038 523 1119 iilius,
542 1056 578 1100 ex
596 1046 676 1099 casta
690 1047 813 1116 parente
826 1048 923 1118 natus,
942 1055 1003 1098 non
1018 1033 1113 1098 incola

89 1150 115 1191 cs
130 1136 245 1206 emptae
259 1129 394 1209 nutricis,
409 1126 460 1187 sed
475 1129 588 1206 gremio
602 1145 636 1187 ac
650 1128 719 1187 sinu
733 1128 836 1186 matris
846 1125 1036 1207 educabatur,
1048 1126 1114 1185 euius

128 1218 288 1297 praecipua
306 1215 371 1276 laus
390 1224 454 1276 erat
471 1218 550 1276 tueri
569 1214 687 1276 domum
707 1222 737 1274 et
754 1216 900 1275 inservire
914 1212 1025 1274 liberis.
1047 1211 1114 1289 elige

127 1305 216 1365 batur
235 1312 333 1365 autem
357 1305 451 1364 maior
474 1303 571 1381 aliquo
593 1311 665 1362 natu
687 1304 867 1382 propinqua,
895 1304 982 1363 cuius
1004 1299 1121 1383 probrtiq

129 1394 330 1472 spectatisque
353 1390 486 1451 moribus
510 1391 605 1450 omnis
628 1391 761 1451 ciusdem
780 1389 906 1451 familiae
920 1389 1039 1451 suboles
1055 1403 1121 1450 conc

128 1483 310 1559 mitteretur3
329 1496 429 1538 coram
448 1497 505 1557 qua
524 1496 621 1558 neque
640 1479 739 1539 dicere
758 1480 802 1539 fos
815 1487 879 1538 erat
893 1478 974 1557 quod
988 1486 1071 1557 turpe
1084 1474 1121 1541 dr:

89 1589 116 1629 no
130 1576 189 1646 ctu,
203 1584 301 1644 neque
315 1566 412 1626 lacere
427 1566 506 1645 quod
521 1567 710 1627 inhonestum
729 1567 809 1627 iactu
827 1567 987 1628 videretur.
1023 1584 1055 1626 ac
1070 1572 1121 1624 noni

129 1654 226 1715 studia
243 1652 330 1714 modo
350 1672 509 1736 curasque,
529 1655 581 1716 sed
595 1656 786 1716 remissiones
801 1656 889 1715 etiam
907 1654 1048 1734 lususque
1061 1668 1115 1731 pue

128 1760 232 1803 rorum
246 1743 400 1803 sanctitate
415 1743 540 1821 quadam
554 1762 588 1804 ac
602 1744 780 1803 verecundia
794 1741 986 1821 temperabat.
1009 1745 1050 1802 sic
1063 1740 1121 1802 dor.

128 1830 236 1891 neliam
246 1830 454 1913 Gracchorum,
469 1833 512 1891 sic
526 1830 676 1892 Aureliam
690 1831 832 1913 Caesaris,
846 1833 890 1891 sic
904 1830 1001 1891 Atiam
1011 1825 1116 1907 Augusti

128 1920 293 1999 praeluisse
326 1918 551 1980 educationibus
581 1938 615 1980 ac
642 1919 819 1997 produxisse
846 1921 998 1998 principes
1026 1918 1115 1978 liberos

89 2027 115 2070 os
129 2010 306 2086 accepimus.
365 2025 440 2086 quae
472 2006 627 2086 disciplina
659 2026 693 2068 ac
726 2009 867 2067 severitas
897 2025 932 2068 eo
960 1999 1121 2086 pertinebat

129 2105 164 2157 ut
182 2099 298 2157 sincera
317 2103 347 2156 et
365 2097 480 2173 integro
498 2102 528 2155 et
543 2095 631 2156 nullis
645 2096 839 2173 pravitatibus
853 2096 970 2156 detorta
982 2095 1121 2179 uniusne}

128 2187 235 2263 iusque
259 2191 363 2244 natura
382 2190 444 2242 toto
464 2185 564 2243 statim
581 2191 702 2262 pectore
725 2187 872 2262 arriperet
890 2191 969 2244 artes
987 2182 1121 2258 honestati

129 2280 160 2332 et
178 2273 239 2331 sive
254 2271 368 2330 adrem
386 2269 543 2330 militarem
562 2273 623 2332 sive
643 2272 679 2332 ad
694 2274 768 2332 iuris
783 2273 937 2332 scientiam
952 2273 1013 2332 slve
1027 2270 1060 2331 ad
1073 2267 1121 2335 eli-l

128 2361 267 2506 quentiae
285 2357 416 2418 studium
434 2357 614 2440 inclinasset,
632 2359 662 2420 id
678 2359 773 2420 solum
792 2366 901 2440 ageret,
919 2359 951 2420 ld
964 2339 1121 2421 universum*

89 2467 116 2508 so
151 2448 271 2507 auriret.

195 2532 248 2596 29.
265 2534 304 2594 At
321 2551 401 2595 nunc
419 2542 506 2595 natus
525 2536 622 2596 inians
643 2535 795 2613 delegatur
810 2512 975 2597 Graeculae
984 2535 1069 2597 alicui
1080 2549 1121 2594 eu·

130 2622 226 2704 ciliae,
245 2624 294 2684 cui
312 2621 482 2701 adiungitur
502 2641 580 2683 unus
594 2632 646 2684 aut
659 2623 734 2684 alter
748 2642 784 2684 ex
799 2624 936 2684 omnibus
951 2627 1056 2704 servis,
1071 2620 1120 2701 ple

129 2729 256 2789 rumque
271 2709 430 2770 vilissimus
444 2728 499 2770 nec
514 2713 652 2789 cuiquam
666 2714 744 2772 serio
757 2714 923 2773 ministerio
933 2709 1121 2773 adcommode

130 2806 187 2858 tus.
220 2798 328 2857 horum
345 2796 451 2858 labulis
471 2804 501 2858 et
519 2799 671 2860 erroribus
690 2802 787 2860 teneri
805 2802 905 2860 statim
923 2807 954 2861 et
971 2801 1061 2861 rudes
1073 2797 1121 2860 aui·

201 2947 246 3015 28,
261 2954 277 3003 9
295 2946 326 3002 in
343 2963 393 3029 om.
410 2949 415 3017 Ι
433 2955 466 3003 10
484 2950 703 3021 huiusSpenpei:
722 2950 766 3004 his
785 2950 856 3017 (eius
867 2952 982 3019 Meiser)
998 2955 1003 3020 Ι
1020 2959 1052 3006 is
1069 2965 1121 3005 nan

134 3019 334 3075 Weissenborn:
353 3035 410 3072 ram
430 3022 435 3089 Ι
457 3026 490 3073 14
508 3022 581 3075 celle
601 3021 678 3088 Pet,
696 3021 768 3075 celbi
787 3021 901 3090 (cellula
919 3023 1056 3090 Retinens)
1076 3028 1080 3085 t
1099 3025 1121 3075 n

130 3091 180 3145 sed
197 3090 228 3143 in
246 3092 389 3172 Andresen
417 3092 422 3158 Ι
452 3096 485 3145 16
503 3096 567 3160 post
589 3091 685 3145 liberis
699 3093 795 3173 posuit
812 3092 980 3173 Bernhardy
1004 3095 1086 3148 verba
1100 3105 1121 3146 st

128 3163 708 3356 [tisitibundis-tibidis
720 3165 1121 3301 sentiuntid

142 3305 164 3355 ‘s
182 3303 345 3358 Rhenanus:
369 3302 399 3355 in
416 3303 573 3373 null1s128
592 3319 650 3357 rem
670 3303 736 3357 OF:
756 3321 806 3357 om.
826 3304 884 3371 Bb,
901 3305 966 3369 fort.
985 3304 1121 3359 militares

128 3390 196 3442 rem,
215 3375 250 3441 cf.
269 3373 308 3428 Η.
326 3379 356 3439 2,
370 3378 408 3429 32
425 3378 428 3438 Ι
445 3374 521 3440 utto
539 3373 663 3428 moribus
681 3375 834 3443 discipulus
853 3374 986 3442 orassent,
1006 3373 1121 3430 sermoni

129 3445 181 3498 bus
203 3444 232 3499 J.
251 3444 281 3498 J.
302 3445 483 3511 Cornelissen,
510 3446 545 3510 cf.
566 3445 675 3500 Minoo.
694 3444 755 3498 Fet.
769 3448 808 3499 23
836 3447 841 3512 l
870 3446 900 3498 et
918 3444 1025 3500 uin'des
1046 3448 1121 3514 (uires

129 3513 219 3567 teneri
243 3515 323 3581 libri,
349 3516 395 3571 sed
418 3515 447 3568 et
469 3513 574 3570 uirides
597 3517 629 3570 in
652 3517 667 3570 b
691 3516 819 3583 deletum
846 3516 1065 3586 dittopropbiam
1087 3534 1121 3574 est
