2340 3982
142 213 210 280 294
493 207 797 273 conummrnorm

143 371 173 422 et
191 359 324 422 adfluens
342 366 373 419 et
390 375 481 437 vagus
500 357 617 419 auditor
637 356 771 418 adsuevit
793 357 852 417 iam
871 357 992 435 exigere
1010 355 1131 418 laetitiam

104 478 130 518 10
144 458 174 510 et
186 447 439 528 pulchritudinem
448 447 605 526 orationis;
618 463 674 507 mec
687 446 780 523 magis
793 445 909 523 perfert
921 447 953 505 in
967 444 1082 506 iudiciis
1090 445 1130 504 tri·

142 546 219 598 stem
237 544 267 597 et
285 537 432 614 impexam
449 535 664 614 antiquitatem,
682 550 771 612 quam
790 535 816 592 si
834 534 901 612 quis
919 533 952 592 in
970 551 1073 593 scaena
1088 532 1131 592 llo·

143 627 198 686 scii
211 633 262 685 aut
275 623 435 701 Turpionis
458 621 586 682 Ambivii
604 623 771 700 exprimere
789 628 892 698 gestus
905 620 985 682 velit
1008 623 1065 682 iam
1077 638 1131 681 vero

142 715 264 774 iuvenes
278 718 308 772 et
321 713 353 771 in
367 713 430 790 ipsa
444 709 611 771 studiorum
624 709 732 770 incude
746 710 852 790 positi,
871 711 923 787 qui
936 709 1084 788 proiectus
1096 711 1130 769 sui

142 818 231 862 causa
240 807 373 861 oratores
386 805 547 879 sectantur,
560 815 620 858 non
634 796 730 857 solum
744 797 856 878 audire,
870 796 923 858 sed
939 799 1028 858 etiam
1037 799 1131 858 referre

104 916 129 958 15
144 890 263 950 domum
278 886 389 965 aliquid
403 885 529 947 inlustre
543 893 573 946 et
592 884 714 964 dignum
727 887 870 946 memoria
883 884 1000 967 volunt3
1018 886 1131 947 tradunt·

143 994 201 1055 que
221 976 369 1035 invicem
389 993 423 1036 ac
437 992 525 1053 saepe
544 976 576 1033 in
597 973 726 1034 colonias
747 991 781 1034 ac
801 975 969 1052 provincias
992 992 1060 1035 suas
1072 975 1132 1034 scri·

96 1072 99 1077 '
142 1064 231 1144 bunt,
254 1064 316 1123 sive
335 1081 442 1124 sensus
460 1062 567 1142 aliquis
587 1069 691 1140 arguta
711 1068 742 1121 et
760 1060 846 1122 brevi
865 1063 1014 1123 sententia
1031 1061 1132 1142 ellubit,

142 1153 205 1214 sive
223 1150 308 1213 locus
328 1153 476 1231 exquisito
498 1159 528 1211 et
545 1153 662 1230 poetico
681 1149 763 1211 cultu
782 1151 899 1211 enituit
926 1151 1056 1228 exigitur
1068 1151 1133 1210 enim

142 1241 202 1301 iam
220 1238 256 1300 ab
276 1248 393 1300 oratore
413 1241 502 1300 etiam
514 1240 650 1317 poeticus
665 1237 763 1318 decor,
785 1255 845 1298 non
858 1237 941 1298 Accii
962 1247 1015 1299 aut
1031 1237 1134 1298 Pacuvii

103 1357 130 1396 20
143 1335 265 1388 veterno
280 1329 460 1406 inquinatus,
484 1326 536 1386 sed
555 1344 591 1385 ex
610 1324 724 1386 Horatii
743 1332 773 1386 et
794 1323 909 1403 Virgilii
927 1332 958 1386 et
974 1325 1084 1387 Lucani
1100 1343 1133 1386 sa·

144 1417 240 1476 erario
264 1414 406 1494 prolatus.
442 1412 549 1473 borum
567 1413 658 1490 igitur
676 1412 798 1473 auribus
816 1421 847 1473 et
864 1413 984 1474 iudiciis
999 1414 1134 1493 obtempe-

143 1520 213 1563 rans
233 1508 405 1562 nostrorum
423 1507 574 1560 oratorum
592 1508 672 1561 aetas
685 1500 840 1580 pulchrior
854 1508 885 1563 et
897 1503 1031 1563 ornatior
1044 1503 1136 1563 extitit

143 1606 241 1666 neque
258 1587 325 1647 ideo
343 1589 442 1648 minus
460 1588 596 1649 efficaces
613 1597 684 1649 sunt
701 1591 850 1650 orationes
868 1590 1002 1671 nostiae,
1025 1592 1093 1670 quia
1108 1588 1136 1650 ad

143 1692 231 1736 aures
244 1675 439 1736 iudicantium
458 1695 526 1737 cum
544 1676 693 1756 voluptate
711 1679 896 1755 perveniunt
924 1678 996 1756 quid
1016 1679 1139 1758 enimsi

103 1791 130 1832 25
143 1763 306 1824 infirmiora
326 1763 434 1824 horum
453 1772 621 1844 temporum
641 1764 750 1842 templa
769 1764 886 1846 credas,
911 1767 981 1844 quia
1001 1784 1062 1828 non
1081 1765 1139 1828 rudi

144 1860 295 1913 caemento
311 1859 340 1913 et
353 1852 529 1913 informibus
543 1852 651 1931 tegulis
665 1860 859 1934 extruuntur,
879 1852 932 1913 sed
945 1870 1092 1916 marmore
1104 1855 1139 1914 ni-

142 1948 208 2001 tent
221 1949 251 2001 et
264 1959 336 2001 auro
350 1937 525 2002 radiantur?

209 2025 262 2089 21.
284 2014 430 2108 Equidem
444 2028 558 2089 fatebor
575 2026 659 2087 vobis
673 2027 848 2107 simpliciter
861 2046 909 2090 me
923 2031 955 2090 in
969 2029 1139 2110 quibusdam

143 2118 333 2195 antiquorum
351 2119 400 2176 vix
413 2118 520 2196 risum,
542 2117 574 2174 in
588 2108 764 2194 quibusdam
778 2125 877 2177 autem
890 2119 939 2178 vix
953 2135 1091 2178 somnum
1104 2126 1139 2178 tc·

143 2222 224 2264 nere.
247 2222 303 2264 neo
317 2221 410 2263 unum
424 2203 460 2262 de
474 2201 584 2281 populo
600 2202 706 2264 Canuti
719 2213 771 2265 aut
784 2205 846 2266 Atti
859 2223 877 2263 s
900 2223 919 2263 a
941 2205 979 2266 de
993 2205 1105 2267 Furnio
1118 2212 1143 2266 et

143 2290 271 2350 Toranio
282 2306 415 2368 quosque
425 2289 650 2350 aliosineodem
657 2291 871 2353 valetudinario
881 2293 953 2355 baec
961 2311 1029 2354 ossa
1038 2304 1070 2355 et
1078 2295 1143 2355 haec

116 2379 253 2446 emacies
266 2376 405 2455 probant:
427 2377 578 2456 ipsemibi
592 2378 710 2461 Calvus,
730 2398 798 2441 cum
820 2399 914 2442 unum
933 2389 962 2442 et
976 2384 1095 2463 viginti,
1116 2389 1146 2443 ut

143 2471 225 2546 puto,
247 2462 340 2525 libros
353 2465 517 2547 reliquerit·
540 2468 589 2527 vix
607 2469 638 2527 in
652 2485 711 2528 uma
730 2477 760 2529 et
774 2467 865 2529 altera
879 2471 1066 2531 oratiuncula
1081 2473 1146 2532 satis

142 2553 221 2615 iacit.
248 2570 304 2614 nec
323 2552 482 2614 dissentire
496 2562 612 2618 ceteros
630 2553 666 2615 ab
680 2554 737 2616 hoc
751 2574 817 2617 meo
831 2556 942 2619 iudicio
956 2558 1058 2621 video:
1080 2577 1147 2639 quo

214 2688 260 2753 20,
276 2693 307 2741 11
328 2703 441 2742 scenam
460 2689 465 2759 1
486 2689 517 2753 Q.
535 2688 630 2743 Roscii
647 2689 806 2759 Bdtte'cherl
828 2697 861 2746 12
880 2690 1005 2746 Ambivii
1022 2692 1149 2763 Lipsius:

143 2757 194 2810 ant
210 2755 336 2810 Ambiuii
351 2759 356 2827 1
374 2763 407 2811 14
424 2774 482 2838 non
501 2757 568 2812 OF:
586 2773 638 2813 nec
656 2759 726 2841 Bb]
743 2767 776 2815 16
795 2762 825 2815 et
841 2777 919 2830 prov.
938 2764 975 2831 11
991 2763 1057 2830 sort.
1078 2763 1135 2817 suis

144 2833 177 2880 17
197 2842 294 2879 sensus
313 2827 453 2882 Murenae:
472 2828 578 2882 mauis
599 2831 604 2898 1
630 2834 663 2884 18
682 2829 804 2900 angitur
822 2831 949 2902 Idpsiuer
968 2832 1097 2901 exigetur
1145 2877 1152 2902 ,

143 2895 282 2951 exercitur
299 2896 349 2965 13¹,
369 2899 513 2952 exercebar
529 2898 641 2968 B'bol
656 2906 690 2954 2⁷
710 2900 824 2955 radiant
836 2903 899 2958 Lat.
910 2904 1043 2959 Latinius
1059 2908 1063 2971 Ι
1080 2905 1152 2972 21,s

142 2967 242 3039 unum]
261 2965 354 3022 dicam
371 2968 506 3040 Steudinp
521 2972 525 3038 Ι
541 2967 646 3023 Genuti
663 2970 733 3038 BF,
752 2970 849 3026 cunuti
869 2973 886 3029 b
904 2990 973 3030 corr.
992 2991 1026 3030 ec
1045 2975 1153 3044 111111

143 3040 175 3093 in
193 3041 250 3094 loco
267 3039 325 3093 iam
342 3039 495 3095 insonaboli
511 3042 646 3109 mepplevit
655 3042 798 3098 Androneo
808 3049 879 3098 'atde
896 3045 929 3100 de
947 3038 1064 3101 l'urnioz
1085 3047 1154 3101 ‘me-

142 3110 259 3163 morabo
277 3125 330 3164 nee
348 3109 465 3179 dienm’3
484 3111 652 3181 Napperdey,
669 3119 702 3167 ut
719 3115 788 3168 alios
802 3116 933 3182 molitam,
950 3118 1062 3184 scripsit
1072 3134 1155 3186 prae·

143 3181 249 3234 cedente
270 3180 297 3235 J.
317 3181 352 3235 F.
375 3180 525 3236 Gronooio:
552 3197 604 3236 nec
626 3198 713 3235 unum
731 3183 766 3236 de
783 3184 890 3252 populo
909 3186 1077 3254 nominabo,
1103 3189 1154 3242 Cn·

142 3249 253 3302 mutium
271 3251 321 3302 aut
338 3249 451 3304 Arrium
469 3250 515 3305 vel
533 3251 650 3305 Furnius
670 3254 699 3306 et
716 3252 850 3308 Toranios
866 3256 871 3325 1
887 3260 904 3309 4
922 3254 1044 3310 Coranio
1064 3258 1154 3313 BGF

143 3318 149 3390 Ι
165 3333 289 3386 quosque
308 3318 392 3377 ebes.
403 3322 486 3376 ,haec
504 3321 608 3376 macies
629 3322 796 3378 Gronociw
816 3324 918 3392 quique
937 3330 998 3395 (oon.
1017 3328 1063 3395 F)
1082 3328 1154 3383 alios

148 3387 251 3443 ..hano
268 3389 387 3444 maciem
407 3390 441 3457 0,
473 3391 576 3460 quique
595 3392 657 3450 alii
669 3394 754 3449 bunc
772 3395 890 3449 maciem
908 3397 1032 3466 produnt
1050 3398 1154 3455 Acidan

141 3458 197 3512 iiam
222 3462 226 3524 Ι
250 3459 313 3525 font.
332 3460 539 3518 valetudinario
558 3479 619 3518 esse
638 3466 688 3535 (vel
707 3481 733 3533 q.
752 3465 823 3520 alios
843 3469 937 3536 esse)l
958 3474 974 3523 d
993 3471 1045 3523 cut
1063 3469 1154 3525 altera

143 3527 315 3584 Puteolanus

89 3656 180 3736 R
