2340 3982
143 220 209 286 230
492 216 799 274 coracinorum

116 375 176 431 set
192 368 307 429 maritis
325 368 484 446 permIssa:
506 366 631 429 abscisis
651 366 785 428 crinibus
804 364 946 428 'nudatam
967 385 1077 430 coram
1095 387 1154 450 pro·

143 457 264 536 pinquis
284 455 403 536 expellit
421 455 508 517 domo
527 457 652 517 maritus
667 473 702 516 ac
715 473 770 534 per
784 472 901 516 omnem
915 456 1016 516 vicum
1032 457 1153 520 verbere

144 546 218 626 agit3
235 544 401 624 publicatae
420 546 499 604 enim
517 543 677 623 pudicitiae
690 543 770 604 nulla
784 545 883 605 venia:
900 561 961 604 non
975 544 1087 628 forma,
1101 564 1153 608 non

144 640 251 713 aetate,
270 651 331 695 non
344 632 450 712 opibus
464 633 603 692 maritum
621 633 778 693 invenerit.
813 648 900 692 nemo
915 633 995 694 enim
1008 632 1076 696 illic
1090 636 1153 696 vitia

143 722 229 803 ridet,
244 739 299 783 nec
313 737 505 799 corrumpere
519 726 550 779 et
559 721 710 798 corrumpi
728 717 880 781 saeculum
891 729 1025 784 vocatur.
1050 722 1153 786 melius

104 832 130 872 ιο
143 810 264 889 quidem
274 809 370 870 adhuc
380 826 431 869 eae
446 809 588 887 civitates,
601 809 632 868 in
648 807 757 886 quibus
770 815 885 869 tantum
894 809 1028 887 virgines
1038 810 1155 873 nubunt

143 906 257 959 etcum
271 915 324 976 spo
337 904 464 976 votoque
478 897 580 957 uxoris
599 895 691 957 semei
704 898 887 976 transigitur.
910 898 953 958 sic
968 915 1068 961 unum
1080 903 1154 963 acci

143 987 231 1064 piunt
248 986 385 1046 maritum
406 1003 464 1064 quo
486 984 572 1045 modo
591 1002 684 1045 unum
699 1002 808 1063 corpus
821 1003 969 1064 unamque
983 987 1094 1071 vitam,
1121 1006 1155 1051 ιιι

143 1073 203 1134 ulla
217 1075 355 1151 cogitatio
370 1072 461 1154 ultra,
483 1091 521 1134 ne
541 1072 656 1152 longior
670 1074 829 1155 cupiditas,
849 1091 888 1135 ne
901 1081 1055 1154 tamquam
1068 1080 1155 1139 mari·

144 1168 217 1242 tum,
231 1162 283 1222 sed
298 1171 447 1240 tamquam
460 1163 680 1223 matrimonium
695 1169 802 1223 ament
821 1179 980 1224 numerum
988 1161 1157 1227 liberorum

103 1272 129 1313 ιι
143 1250 230 1311 finire
252 1258 304 1312 aut
326 1268 505 1330 quemquam
522 1266 559 1310 ex
577 1249 710 1329 adgnatis
731 1267 838 1311 necare
856 1249 1001 1328 flagitium
1015 1250 1156 1337 hahetur,

142 1337 269 1418 plusque
283 1339 327 1400 ihi
340 1338 411 1399 boni
424 1355 523 1399 mores
537 1337 634 1399 valent
648 1356 737 1417 quam
751 1337 820 1399 alibi
834 1337 929 1400 honae
942 1338 1035 1418 leges.

210 1424 262 1488 20.
285 1426 319 1486 ln
338 1427 419 1487 omni
436 1424 522 1486 domo
536 1424 610 1486 nudi
624 1443 658 1486 ac
672 1426 785 1487 sordidi
798 1428 829 1487 in
843 1426 899 1487 hos
913 1436 1009 1508 artus,
1033 1429 1068 1490 in
1082 1428 1155 1495 hacc

142 1532 277 1594 corpora,
292 1531 367 1593 quae
380 1514 531 1594 miramur,
545 1521 730 1576 excrescunt.
753 1532 807 1575 sua
817 1532 965 1595 quemque
972 1523 1072 1578 mater
1084 1518 1156 1581 ube

142 1603 227 1663 ribus
242 1601 306 1683 alit,
327 1619 382 1662 nec
397 1601 511 1662 ancillis
525 1609 576 1662 aut
590 1601 758 1664 nutrIcihus
776 1601 959 1682 delegantur.
995 1603 1155 1669 dominum

143 1709 177 1752 ac
192 1707 310 1751 servum
324 1689 414 1750 nullis
428 1688 611 1751 educationis
625 1690 739 1752 deliciis
753 1691 927 1770 dignoscas:
953 1693 1036 1754 inter
1050 1695 1156 1758 cadem

117 1800 130 1842 ι
143 1796 260 1860 pecora,
274 1780 305 1839 in
316 1778 418 1839 eadem
427 1778 517 1839 humo
532 1778 652 1860 degunt,
664 1779 760 1869 donec
770 1787 851 1841 aetas
865 1788 982 1859 separet
994 1782 1149 1862 ingenu

143 1870 238 1928 virtus
252 1866 420 1946 adgnoscat.
443 1884 510 1928 sera
523 1869 665 1927 iuvenum
678 1885 784 1948 venus,
799 1886 894 1948 eoque
908 1867 1090 1949 mexhausta
1103 1891 1155 1953 pu·

143 1955 251 2018 bertas.
278 1974 334 2017 nec
347 1957 478 2034 virgines
492 1953 683 2036 festinantur,
700 1956 803 2017 eadem
816 1958 944 2038 iuventa,
962 1959 1074 2021 similis
1088 1979 1154 2041 pro·

143 2046 265 2106 ceritas:
292 2061 380 2123 pares
403 2041 574 2120 validaeque
597 2043 775 2125 miscentur,
794 2062 838 2121 ¹ac
861 2044 969 2106 robora
990 2057 1170 2128 parentum

142 2131 228 2193 liberi
242 2131 385 2193 referunt
408 2130 621 2191 sororumfiiiIs
630 2131 709 2192 idem
722 2130 801 2211 apud
814 2132 992 2195 avunculum
1008 2138 1064 2216 qui
1075 2137 1153 2219 apud

103 2243 129 2283 ro
142 2228 258 2299 patrem
270 2218 374 2279 honor.
402 2218 521 2296 quidam
540 2221 717 2280 sanctiorem
731 2222 930 2301 artioremque
943 2221 1027 2285 hunc
1041 2243 1153 2288 nexum

141 2308 294 2386 sanguinis
308 2305 491 2368 arbitrantur
513 2314 544 2367 et
560 2308 591 2368 in
610 2306 791 2386 accipiendis
809 2307 963 2371 obsidibus
981 2314 1080 2391 magis
1095 2316 1153 2375 exi·

141 2402 230 2475 gunt,
253 2401 402 2473 tamquam
422 2402 453 2455 et
469 2395 601 2457 animum
614 2396 728 2457 firmius
738 2404 769 2457 et
783 2396 904 2458 domum
917 2397 1006 2460 latius
1021 2407 1152 2465 teneant.

139 2483 266 2544 heredes
280 2490 378 2543 tamen
392 2500 640 2564 successoresque
662 2486 711 2546 sui
733 2486 841 2564 cuique
864 2485 963 2567 liberi,
986 2494 1019 2548 et
1036 2489 1151 2551 nullum

140 2580 358 2634 testamentum.
381 2573 407 2632 si
421 2570 508 2633 liberi
521 2590 581 2633 non
595 2581 673 2653 sunt,
691 2575 845 2652 proximus
863 2574 973 2653 gradus
986 2575 1019 2636 iu
1033 2594 1150 2656 posses·

101 2682 127 2724 ιι
142 2661 224 2720 sione
239 2659 360 2740 iratres,
378 2662 491 2741 patrui,
514 2660 660 2722 avunculi.
697 2668 806 2741 quanto
820 2661 889 2741 plus
902 2664 1149 2747 propinquorum,

141 2756 250 2827 quanto
260 2749 353 2808 maior
363 2748 503 2810 adfinium
513 2765 665 2830 numerus,
673 2756 756 2810 tanto
763 2752 922 2829 gratiosior
930 2760 1087 2836 senectus3
1096 2771 1149 2816 nec

140 2835 199 2897 ulla
213 2835 348 2897 orbitatis
362 2839 465 2915 pretia.

206 2922 257 2985 21.
281 2923 439 3003 Suscipere
459 2931 520 2986 tam
537 2926 709 2986 inimicitias
727 2944 781 2987 seu
800 2929 894 3007 patris
914 2945 969 2988 seu
986 2930 1148 3011 propinqui

223 3129 304 3195 1th
331 3129 435 3186 adcisis
458 3131 501 3186 vet
525 3129 625 3186 accisis
650 3131 717 3187 tibre'
737 3132 862 3203 plerique
891 3134 896 3199 Ι
924 3137 941 3187 8
967 3131 1080 3188 inuenit
1103 3133 1152 3206 Oi

154 3199 241 3271 enim]
261 3200 435 3270 Nipperdey,
463 3200 604 3256 enimvero
622 3201 753 3271 Madcip,
775 3201 863 3257 otiam
881 3202 998 3272 Lipsius
1026 3206 1033 3272 Ι
1063 3210 1099 3262 1a
1116 3219 1149 3260 ιιι

215 3270 349 3325 maritum
368 3287 452 3339 quam
470 3270 679 3326 matrimonium
703 3273 816 3341 Mee‘ser,
847 3274 993 3342 tamquam
1011 3280 1079 3346 post
1102 3273 1150 3332 md

138 3343 264 3409 spurium
281 3343 389 3398 videtur
408 3341 543 3398 Gotietmo
562 3343 654 3399 Christ
673 3345 679 3411 Ι
703 3348 735 3397 15
755 3358 789 3398 ex
806 3344 881 3398 natis
899 3343 1017 3412 capatus
1041 3347 1047 3414 Ι
1072 3346 1148 3414 20,t

138 3413 200 3483 aut]
220 3427 253 3467 ac
273 3412 347 3482 014
366 3410 620 3484 dinoscasB019
639 3413 891 3484 apudpntremdr
910 3415 1078 3485 adpatrom
1096 3414 1150 3473 ΒΟ

140 3482 194 3553 112
214 3484 244 3536 et
260 3481 291 3535 in
309 3485 433 3538 animum
451 3485 518 3540 iibri
534 3486 590 3551 fere
608 3500 712 3552 omnes,
735 3487 765 3538 et
782 3486 903 3554 inligant
921 3501 945 3540 a
965 3486 1032 3544 Ped.
1056 3485 1147 3563 Vaut

135 3558 172 3606 16
190 3553 297 3618 quanto
315 3569 377 3610 noa.-
395 3555 476 3609 tanto
494 3554 562 3624 ΒΟ,
580 3570 636 3623 quo
654 3572 669 3611 c
684 3558 689 3626 Ι
704 3555 813 3624 gratior
829 3556 858 3610 B
876 3572 935 3627 nep.
955 3557 1005 3613 tia.
