2340 3982
354 231 560 288 adsiboum
578 241 691 289 24-27.
959 233 1023 298 261

12 379 90 461 puli,
104 387 209 459 paratu
224 397 339 459 magno,
360 382 471 441 maiore
485 379 571 459 fama,
589 381 635 440 uti
649 397 713 440 mos
727 387 773 440 est
787 380 823 440 de
837 382 954 463 ignotis,
974 400 1024 460 op·
1038 401 1065 444 ro

13 485 151 547 pugnare
173 467 253 528 ultro
274 467 393 528 castella
416 467 528 547 adorti,
551 475 663 528 metum
682 474 716 528 ut
733 477 926 546 provocantes
944 470 1024 529 addi-

14 556 139 637 derant;
170 555 460 634 regrediendumque
483 557 558 615 citra
580 554 749 616 Bodotriam
772 563 803 616 et
824 557 1025 618 excedendum

14 646 118 722 potius
137 662 226 722 quam
242 642 426 722 pellerentur
444 644 541 721 ignari
560 645 658 720 specie
677 643 871 722 prudentium
889 643 1025 706 admone·

13 731 103 813 bant,
123 750 192 792 cum
210 732 331 791 interim
346 733 497 808 cognoscit
510 731 604 791 hostis
617 731 754 810 pluribus
769 731 936 810 agminibus
949 734 1025 792 irru-

13 828 133 899 pturos.
158 837 192 879 ac
210 836 249 879 ne
263 825 422 896 superante
435 836 558 879 numero
578 827 608 879 et
621 821 727 898 peritia
740 819 875 880 locorum
889 821 1025 881 circumi·
1039 844 1066 884 ro

13 915 113 986 retur,
127 906 221 967 diviso
236 908 343 984 etipse
360 908 391 966 in
406 907 460 967 tris
473 914 573 985 partes
588 909 721 968 exercitu
735 909 866 969 incessit.

87 991 139 1055 26.
163 993 247 1065 Quod
264 992 317 1054 ubi
334 996 485 1072 cognitum
508 994 600 1075 hosti,
627 1003 740 1056 mutato
759 1004 882 1074 repente
901 996 1024 1057 consilio

12 1083 153 1145 universi
166 1099 273 1141 nonam
286 1079 433 1160 legionem
443 1089 477 1143 ut
485 1085 611 1144 maxime
621 1082 777 1143 invalidam
787 1092 874 1144 nocte
884 1085 1025 1166 adgressi,

14 1174 98 1232 inter
105 1187 240 1230 somnum
250 1186 284 1229 ac
294 1169 521 1248 trepidationem
532 1172 626 1232 caesis
636 1171 773 1249 vigilibus
787 1174 933 1251 irrupere.
955 1174 1026 1232 iam-

15 1277 76 1338 que
95 1259 127 1317 in
145 1258 220 1336 ipsis
239 1259 345 1320 castris
363 1258 564 1341 pugnabatur,
592 1277 660 1320 cum
673 1259 810 1338 Agricola
823 1262 882 1320 iter
894 1260 1026 1321 hostium

16 1346 56 1408 ab
79 1344 316 1424 exploratoribus
337 1345 460 1407 edoctus
484 1355 514 1408 et
535 1349 668 1426 vestigiis
692 1350 854 1427 insecutus,
878 1347 1053 1409 velocissis

16 1452 83 1495 mos
98 1435 231 1513 equitum
250 1433 443 1513 peditumque
457 1434 605 1496 adsultare
619 1438 711 1515 tergis
725 1439 921 1516 pugnantium
934 1435 1026 1516 iubet,

16 1540 86 1584 mox
100 1521 137 1582 ab
151 1522 299 1582 universis
313 1522 391 1583 adici
404 1522 575 1604 clamorem3
601 1531 630 1584 et
648 1527 816 1604 propinqua
834 1524 900 1586 luce
915 1523 1026 1586 lulsere

17 1613 111 1689 signa.
149 1611 190 1671 ita
208 1611 331 1688 ancipiti
348 1609 424 1671 malo
443 1613 543 1672 territi
559 1610 707 1694 Britanni,
730 1620 760 1673 et
778 1613 918 1674 Romanis
937 1613 1027 1674 rediit

17 1701 144 1779 animus,
164 1716 197 1758 ac
212 1700 311 1759 securi
325 1716 380 1776 pro
395 1696 489 1759 salute
504 1698 540 1759 de
556 1698 648 1777 gloria
663 1700 823 1761 certabant.
859 1701 939 1762 ultro
954 1703 1027 1780 quin

17 1789 107 1849 etiam
121 1803 260 1866 erupere,
275 1793 305 1846 et
318 1784 374 1847 luit
388 1793 472 1847 atrox
485 1787 517 1846 in
530 1787 604 1864 ipsis
616 1794 770 1864 portarum
784 1791 928 1866 angustiis
941 1806 1027 1867 proe·
1041 1807 1068 1849 1o

17 1875 105 1955 lium,
119 1874 213 1935 donec
226 1873 306 1953 pulsi
320 1873 437 1955 hostes,
456 1881 584 1953 utroque
605 1876 738 1935 exercitu
754 1883 895 1956 certante,
913 1875 975 1955 bis,
993 1884 1027 1936 ut

18 1962 124 2025 tulisse
138 1980 238 2042 opem,
257 1961 329 2042 illis,
348 1980 385 2022 ne
400 1964 518 2041 eguisse
531 1962 640 2023 auxilio
659 1963 838 2023 viderentur.
876 1962 1026 2041 quodnisi

17 2049 142 2198 palurdes
161 2057 191 2111 et
209 2049 297 2110 silvae
322 2050 469 2128 fugientes
487 2053 644 2132 texissent,
672 2050 850 2111 debellatum
868 2049 917 2111 illa
936 2051 1027 2111 ricto·

18 2141 61 2200 ria
92 2145 166 2199 oret.

84 2223 137 2288 27.
160 2225 252 2286 Cuius
272 2227 454 2287 conscientia
473 2245 507 2288 ac
526 2227 602 2287 fama
620 2228 703 2288 ferox
718 2229 867 2288 exercitus
881 2226 956 2288 nibil
968 2228 1027 2288 vir·

20 2318 75 2376 tuti
92 2332 163 2375 suae
178 2314 290 2374 invium
300 2321 331 2374 et
339 2314 551 2392 penetrandam
560 2315 747 2376 Caledoniam
756 2316 1026 2395 inveniendumque

18 2403 138 2464 tandem
150 2400 321 2462 Britanniae
334 2404 494 2464 terminum
508 2405 648 2463 continuo
667 2403 849 2481 proeliorum
863 2423 954 2465 cursu
969 2406 1026 2481 fre-

18 2491 146 2552 mebant
187 2497 275 2568 atque
299 2488 342 2549 illi
364 2489 451 2550 modo
475 2492 554 2551 cauti
576 2509 610 2552 ac
634 2493 782 2569 sapientes
804 2493 935 2569 prompti
957 2499 1026 2570 post

19 2586 158 2640 eventum
181 2595 215 2638 ae
238 2576 419 2657 magniloqui
442 2586 534 2639 erant
575 2580 762 2658 iniquissima
783 2578 857 2639 haec
878 2578 1052 2643 bellorumo

18 2666 154 2728 condicio
170 2673 228 2726 est:
250 2683 393 2744 prospera
408 2683 510 2726 omnes
525 2665 582 2726 sibi
596 2666 754 2747 vindicant,
769 2665 891 2726 adversa
905 2669 959 2727 uni
972 2669 1025 2727 im-

15 2761 170 2834 putantur.
207 2761 237 2814 at
253 2752 390 2814 Britanni
407 2771 467 2814 non
484 2755 594 2815 virtute
612 2773 653 2835 se,
676 2755 728 2815 sed
748 2757 903 2816 occasione
917 2764 947 2816 et
961 2762 1025 2816 arte

15 2843 103 2905 ducis
122 2844 216 2904 victos
234 2843 305 2922 rati,
327 2840 402 2902 nibil
420 2859 456 2902 ex
475 2841 644 2920 adrogantia
663 2845 825 2924 remittere,
848 2846 1025 2923 quominus

11 2932 202 2994 iuventutem
216 2937 373 3010 armarent,
387 2931 527 3008 coniuges
537 2949 570 2991 ac
577 2929 688 2991 liberos
697 2933 728 2991 in
737 2931 801 2992 loca
810 2938 874 2991 tuta
885 2931 1025 2992 transfer·

86 3135 139 3202 25,
154 3139 187 3188 15
207 3149 396 3204 oppugnasse,
414 3149 461 3188 em.
479 3132 637 3220 Rbeuonuq
646 3136 651 3203 l
671 3140 706 3188 20
725 3131 936 3214 circumirentur
954 3133 994 3186 Li
1003 3165 1024 3214 ,-

10 3206 224 3362 ΓὲειῙοἽαΙξῗὲ
240 3206 293 3347 ἐπι)
304 3203 577 3344 ἓξᾌξίαπᾶῧῗῑΐεε
588 3194 1025 3342 fflrtervbstlrrhr‘esffltgffilorrssusffi

10 3347 146 3405 intulisse
162 3350 167 3417 Ι
185 3352 217 3402 13
236 3344 374 3400 rexissent
390 3345 418 3398 B
433 3345 438 3412 Ι
454 3344 521 3409 ΞΜ
541 3343 747 3412 penetrandum
764 3343 792 3396 B
811 3344 1024 3410 (penetrandum

10 3420 41 3475 ln
60 3418 186 3484 Dronke)
202 3420 239 3488 13
257 3415 404 3487 proelium,
423 3431 470 3470 em.
485 3414 637 3469 Rhenanus
652 3415 657 3483 Ι
674 3419 688 3468 t
708 3428 738 3466 se
757 3413 820 3469 add.
835 3412 946 3468 Brotier
961 3419 1025 3485 post

10 3488 105 3557 ducis,
124 3505 149 3545 o.
168 3487 207 3543 H.
226 3490 256 3554 2,
269 3492 304 3542 44
322 3485 516 3555 praetorianus
534 3483 614 3538 miles
633 3499 690 3538 non
707 3482 811 3538 virtute
831 3500 873 3552 se,
893 3484 941 3539 sed
960 3501 1024 3556 pro·

10 3560 126 3617 ditione
143 3558 249 3615 victum
267 3557 424 3626 fremebat}
440 3561 457 3610 8
475 3552 565 3609 victos
584 3555 648 3611 add.
667 3554 777 3610 Brotier
