2378 3982
362 206 567 262 semeonis
586 213 698 262 sit-42.
966 207 1030 271 271

21 360 72 413 rat
91 354 212 413 Interim
225 351 361 431 Agricola
379 355 546 415 successori
564 371 618 414 suo
637 355 818 432 provinciam
838 355 967 433 quietam
985 363 1031 416 tu·

22 448 156 519 tamque.
188 458 222 501 ac
240 459 278 502 ne
297 440 435 501 notabilis
455 441 626 502 celebritate
645 449 675 502 et
694 442 860 520 frequentia
874 460 1032 504 occurren·

22 530 103 590 tium
116 531 257 589 introitus
271 536 364 609 esset,
378 531 468 589 vitato
483 531 645 590 amicorum
659 529 756 590 officio
770 537 860 590 noctu
873 531 904 590 in
918 531 1032 612 urbem,

22 625 119 677 noctu
133 618 164 677 in
173 616 326 697 Palatium,
339 619 380 677 ita
394 625 428 677 ut
438 624 629 696 praeceptum
639 626 711 698 erat,
725 619 818 698 venit,
832 627 1032 697 exceptusque
1047 643 1073 684 1⁵

23 703 112 765 brevi
130 704 231 765 osculo
255 713 285 766 et
303 705 383 765 nulio
408 723 545 765 sermone
563 705 667 766 turbae
686 707 879 766 servientium
892 708 1034 767 inmixtus

25 801 82 854 est
120 801 252 853 ceterum
270 794 315 854 uti
332 792 459 853 militare
478 811 594 873 nomen,
622 812 710 872 grave
733 795 812 854 inter
830 796 949 875 otiosos,
970 793 1035 854 aliis

10 880 189 955 ,virtutibus
207 888 399 959 temperaret,
423 880 667 959 tranquillitatem
689 889 778 960 atque
803 884 897 942 otium
914 883 1034 960 penitus

26 964 140 1049 bausit,
163 967 246 1029 cultu
259 969 408 1050 modicus,
431 986 567 1028 sermone
582 968 691 1048 facilis,
714 987 773 1029 uno
792 976 844 1030 aut
857 970 950 1030 altero
964 972 1034 1030 ami-

28 1072 132 1117 sorum
146 1059 311 1137 comitatus,
326 1057 399 1117 adeo
413 1058 458 1117 uti
471 1056 615 1137 plerique,
630 1055 738 1136 quibus
752 1075 874 1135 magnos
887 1060 967 1118 viros
980 1076 1035 1136 per
1048 1082 1075 1123 so

27 1144 218 1205 ambitionem
245 1147 400 1205 aestimare
428 1162 493 1204 mos
520 1152 578 1224 est,
605 1146 668 1204 viso
697 1153 876 1224 aspectoque
898 1145 1034 1224 Agricola

30 1227 206 1311 quaererent
220 1233 334 1313 famam,
347 1234 436 1311 pauci
448 1234 726 1311 interpretarentur.

29 1360 32 1365 -
94 1317 147 1380 41.
170 1319 281 1379 Crebro
304 1338 358 1397 per
382 1338 431 1380 eos
455 1319 518 1381 dies
541 1321 619 1401 apud
641 1320 840 1381 Domitianum
859 1319 965 1380 absens
988 1338 1035 1380 ac·

69 1415 166 1486 satus,
190 1405 296 1465 absens
319 1405 470 1467 absolutus
494 1415 548 1468 est.
584 1426 671 1469 causa
693 1407 820 1487 periculi
838 1425 898 1468 non
921 1409 1035 1468 crimen

10 1506 12 1515 ’
70 1513 123 1555 um
143 1502 194 1554 aut
215 1491 335 1572 querela
353 1492 426 1553 laesi
444 1495 627 1576 cuiusquam,
654 1497 707 1556 sed
721 1497 856 1556 infensus
874 1495 1034 1556 virtutibus

47 1586 169 1660 rinceps
188 1588 218 1641 et
235 1581 328 1659 gloria
347 1582 403 1641 viri
420 1599 454 1640 ac
472 1583 633 1659 pessimum
646 1585 835 1646 inimicorum
854 1600 956 1663 genus,
974 1583 1035 1643 lau-

17 1669 141 1732 ·tlantes.
166 1677 196 1730 et
214 1687 248 1729 ea
262 1670 397 1729 insecuta
412 1676 482 1729 sunt
496 1668 688 1746 reipublicae
702 1679 844 1752 tempora,
864 1690 938 1750 quae
953 1671 1062 1735 sileris

23 1757 195 1838 Agricolam
209 1775 270 1817 non
284 1758 430 1817 sinerent:
449 1763 493 1817 tot
512 1758 661 1833 exercitus
675 1759 707 1816 in
720 1757 830 1818 Moesia
844 1758 990 1837 Daciaque
1005 1767 1036 1820 et

22 1844 185 1907 Germania
203 1852 234 1905 et
251 1844 401 1905 Pannonia
419 1845 586 1905 temeritate
609 1852 659 1905 aut
682 1863 736 1922 per
758 1847 903 1923 ignaviam
926 1845 1035 1907 ducum

22 1935 143 2013 amissi,
157 1940 201 1993 tot
215 1933 357 1993 militares
375 1933 432 1992 viri
446 1950 514 1992 cum
528 1939 572 1992 tot
587 1931 758 1993 cohortibus
773 1934 932 2011 expugnati
946 1941 976 1993 et
990 1951 1036 1993 ca·

21 2023 87 2102 pti3
118 2039 174 2081 nec
188 2022 246 2080 iarn
260 2020 296 2080 de
310 2019 403 2080 limite
417 2021 535 2098 imperii
548 2027 579 2080 et
592 2021 665 2100 ripa,
684 2019 736 2081 sed
751 2019 787 2080 de
801 2019 935 2081 hibernis
947 2019 1036 2099 legio·

23 2126 102 2171 num
116 2116 146 2169 et
163 2110 351 2186 possessione
371 2107 545 2168 dubitatum.
568 2109 609 2167 ita
628 2126 696 2168 cum
715 2107 820 2168 damna
839 2108 954 2168 damnis
968 2127 1036 2169 con·
1050 2132 1076 2173 so
1143 2103 1148 2112 “

26 2199 219 2259 tinuarentur
232 2204 320 2274 atque
334 2197 430 2255 omnis
444 2213 539 2256 annus
553 2194 709 2256 funeribus
722 2204 754 2257 et
767 2195 901 2257 cladibus
914 2197 1036 2275 iusigni-

27 2294 128 2365 retur,
154 2283 333 2364 poscebatur
356 2301 408 2344 ore
434 2283 515 2361 vulgi
536 2283 597 2345 dux
618 2284 768 2365 Agricola,
790 2270 1035 2363 ¹comparantibus

27 2374 147 2435 cunctis
162 2374 292 2449 vigorem
310 2378 341 2431 et
359 2373 553 2432 constantiam
576 2379 606 2432 et
624 2380 778 2450 expertum
801 2371 886 2433 bellis
905 2375 1036 2433 animum

10 2479 99 2531 sum
117 2462 225 2520 inertia
243 2467 272 2519 et
291 2459 448 2519 formidine
467 2477 579 2539 eorum,
597 2462 705 2534 quibus
719 2463 874 2522 exercitus
892 2463 1038 2522 committi

10 2552 169 2611 *solerent
197 2547 305 2627 quibus
325 2545 512 2607 sermonibus
532 2547 603 2606 satis
617 2554 732 2607 constat
745 2546 903 2607 Domitiani
917 2565 1034 2625 quoque
1049 2569 1075 2610 ιο

26 2654 118 2699 sures
136 2635 315 2715 verberatas,
334 2635 404 2695 dum
419 2635 549 2713 optimus
564 2635 690 2712 quisque
703 2633 878 2695 libertorum
892 2652 991 2694 amore
1006 2642 1037 2695 et

10 2723 101 2804 ,ude
122 2724 244 2803 pessimi
257 2723 437 2801 malignitate
453 2730 482 2782 et
495 2721 587 2782 livore
602 2739 729 2801 pronum
743 2721 941 2783 deterioribus
954 2723 1035 2801 prin·
1131 2758 1140 2804 J

10 2814 127 2890 ‚eipem
146 2810 380 2872 exstimulabant.
409 2811 452 2870 sic
470 2809 606 2888 Agricola
624 2809 712 2869 simul
725 2810 788 2869 suis
801 2810 974 2891 virtutibus,
998 2812 1036 2872 si·

25 2900 91 2960 mul
105 2902 185 2960 vitiis
199 2899 324 2959 aliorum
337 2901 369 2958 in
383 2901 476 2976 ipsam
491 2897 614 2976 gloriam
627 2914 770 2976 praeceps
784 2897 933 2975 agebatur.

94 2985 148 3049 42.
175 2986 285 3048 Aderat
307 2989 366 3046 iam
388 3004 496 3066 annus,
521 3003 579 3064 quo
601 2985 843 3064 proconsulatum
865 2986 981 3045 Africae
1005 2993 1035 3046 et

100 3172 420 3297 40,15qrseeemptum
436 3173 465 3226 B
487 3173 492 3239 Ι
519 3179 552 3226 lo
571 3171 670 3225 turbae
688 3187 739 3227 oin.
757 3170 786 3223 B
805 3172 810 3238 Ι
835 3177 867 3225 17
885 3172 917 3224 ut
936 3171 1034 3227 Puteo·

26 3244 112 3301 tosus
167 3251 199 3299 19

27 3321 45 3371 8
62 3247 206 3386 uiri]'riei
223 3315 267 3370 Jo.
279 3313 330 3370 Fr.
341 3314 496 3368 Gronovius
512 3315 516 3381 Ι
533 3319 566 3366 10
584 3310 791 3379 possessionum
809 3312 837 3364 B
853 3313 857 3376 Ι
875 3317 906 3364 13
926 3312 956 3363 et
973 3317 1036 3367 anm

27 3389 118 3441 const.
137 3402 187 3441 orn.
206 3386 234 3439 A
258 3388 263 3455 Ι
289 3390 323 3438 14
342 3385 450 3454 eorum]
470 3385 624 3437 ceterorum
645 3381 772 3448 Grotius,
791 3380 908 3433 aliorum
926 3382 965 3436 ed.
984 3381 1036 3435 Bi·

24 3459 148 3580 ssontini,
166 3455 290 3524 priorum
308 3456 390 3510 Nolle
412 3458 416 3522 Ι
440 3453 540 3521 quibus
560 3469 583 3506 e.
603 3467 626 3504 c.
645 3451 767 3505 solerent
784 3451 966 3520 supplevimus
981 3451 985 3518 Ι
1002 3457 1035 3506 15

53 3526 222 3582 omisianum
241 3527 267 3579 B
283 3527 288 3594 Ι
312 3531 344 3579 19
365 3524 484 3578 aliorum
501 3524 564 3593 ipss
582 3520 675 3591 glorie
693 3521 809 3588 Madvig
831 3523 836 3591 Ι
855 3521 901 3598 42,
918 3526 932 3575 1
951 3521 1035 3578 Asiae

239 3243 313 3298 ausit
335 3244 416 3298 Weoe:
435 3242 514 3296 suxit
536 3246 540 3312 Ι
564 3242 611 3309 41,
626 3248 641 3296 6
659 3236 768 3294 Moesia
786 3242 912 3310 Lipsius:
930 3239 1014 3295 Misia
1029 3242 1033 3314 Ι
