2378 3982
420 188 635 245 GERMANIAE
654 197 768 246 36-39.
1031 191 1097 256 239

155 336 208 401 38.
230 337 371 399 Nuncde
386 335 493 398 suebis
508 337 667 398 dicendum
682 343 741 417 est,
760 354 886 415 quorum
901 356 959 398 non
974 357 1045 420 una,
1063 348 1098 401 ut

88 427 263 488 Chattorum
281 426 532 488 Tencterorumve
556 443 643 506 gens3
666 427 808 485 maiorem
826 427 906 486 enim
923 427 1097 488 Germaniae

87 523 204 594 partem
226 517 373 596 optinent,
398 515 529 593 propriis
552 513 649 575 adhuc
673 512 842 573 nationibus
865 514 1095 594 nominibusque

88 605 224 685 discreti,
248 621 425 682 quamquam
447 604 658 664 incommune
682 601 774 662 Suebi
796 610 949 663 vocentur.
981 605 1096 681 insigne

87 695 185 771 gentis
208 691 361 770 obliquare
379 692 493 752 erluem
510 690 648 770 nodoque
667 689 885 768 substringere:
905 692 949 751 sic
969 689 1061 751 Suebi
1080 711 1124 758 aa

87 783 197 841 ceteris
211 779 381 860 Germanis,
401 781 446 839 sic
460 778 626 840 Sueborum
639 780 763 857 ingenui
776 796 792 838 a
806 780 900 839 servis
914 786 1097 858 separantur.

86 872 119 929 in
140 868 206 928 aliis
220 867 360 945 gentibus
379 885 433 928 seu
451 869 624 946 cognatione
642 866 740 945 aliqua
755 866 922 927 Sueborum
937 886 1004 947 seu,
1019 869 1098 946 quod

87 975 178 1035 saepe
197 956 318 1037 accidit,
343 957 519 1036 imitatione,
537 973 639 1016 rarum
657 963 688 1016 et
705 957 783 1015 intra
802 956 937 1016 iuventae
961 958 1098 1037 spatium,

86 1045 167 1123 apud
188 1043 303 1128 Suebos
328 1060 423 1123 usque
442 1044 479 1105 ad
498 1046 637 1104 canitiem
655 1043 828 1103 horrentem
847 1043 984 1122 capillum
1003 1052 1098 1105 retor-

86 1140 194 1213 quent,
226 1151 260 1193 ac
292 1149 380 1212 saepe
411 1133 443 1192 in
474 1133 539 1211 ipso
571 1133 684 1192 vertice
714 1131 855 1210 religant3
887 1135 1037 1210 principes
1067 1141 1137 1199 et10

86 1223 267 1282 ornatiorem
281 1219 399 1282 habent.
427 1238 462 1281 ea
475 1238 548 1281 eura
562 1220 682 1299 formae,
697 1219 749 1279 sed
759 1221 892 1301 innoxia3
906 1238 1004 1298 neque
1018 1221 1098 1280 enim

84 1316 123 1370 ut
139 1316 239 1369 ament
262 1317 447 1390 amenturve,
470 1311 502 1369 in
520 1307 707 1369 altitudinem
731 1309 878 1387 quandam
903 1317 934 1368 et
951 1316 1098 1369 terrorem

85 1396 200 1458 adituri
212 1394 289 1455 bella
303 1399 415 1473 compti
428 1393 489 1474 [ut]
503 1396 635 1457 hostium
649 1396 743 1458 oculis
758 1404 912 1457 ornantur.

157 1480 208 1543 39.
240 1481 464 1542 Vetustissimos
490 1484 750 1564 nobilissimosque
779 1484 947 1546 Sueborum
977 1483 1098 1545 Semno-

86 1589 143 1632 nes
167 1578 345 1650 memorant3
367 1570 442 1630 fides
465 1572 648 1649 antiquitatis
671 1573 813 1652 religione
836 1574 979 1634 firmatur.
1021 1579 1098 1634 stato

86 1669 223 1737 tempore
248 1661 280 1720 in
299 1658 402 1719 silvam
421 1660 554 1737 auguriis
577 1666 694 1737 patrum
712 1669 743 1720 et
760 1664 858 1739 prisca
877 1661 1034 1723 formidine
1053 1679 1098 1721 sa·

86 1766 171 1809 eram
194 1765 296 1808 omnes
321 1747 456 1808 eiusdem
475 1747 628 1824 sanguinis
650 1747 752 1825 populi
768 1747 965 1824 legationibus
989 1754 1099 1810 coeunt

87 1853 234 1915 caesoque
261 1835 380 1913 publice
403 1834 523 1895 homine
546 1832 697 1895 celebrant
719 1834 837 1895 barbari
855 1839 932 1895 ritus
950 1836 1125 1904 horrendae

86 1923 260 2003 primordia.
292 1931 339 1983 est
356 1931 387 1983 et
404 1922 460 1984 alia
474 1922 541 1983 luco
555 1924 735 1984 reverentia:
754 1940 840 1982 nemo
860 1925 918 1982 nisi
931 1923 1050 1983 vinculo
1065 1924 1098 1983 li-

87 2020 175 2090 gatus
189 2009 369 2090 ingreditur,
387 2019 422 2071 ut
435 2013 533 2071 minor
546 2016 576 2071 et
590 2018 766 2089 potestatem
781 2013 912 2071 numinis
926 2029 997 2088 prae
1012 2027 1044 2070 se
1059 2012 1073 2070 l
1088 2044 1099 2054 -

88 2117 169 2159 rens.
186 2100 214 2158 si
228 2099 304 2158 lorte
318 2098 474 2177 prolapsus
489 2106 542 2179 est,
557 2098 650 2159 attolli
665 2106 694 2159 et
707 2101 864 2176 insurgere
878 2099 956 2159 baud
971 2093 1099 2160 licitum:

88 2205 144 2266 per
166 2185 290 2246 humum
313 2187 497 2248 evolvuntur.
534 2204 629 2266 eoque
653 2189 748 2248 omnis
771 2189 944 2266 superstitio
968 2190 1100 2267 respicit,

61 2332 69 2351 „
89 2283 238 2352 tamquam
252 2274 322 2335 inde
335 2276 419 2336 initia
433 2277 538 2355 gentis,
552 2274 595 2335 ibi
609 2282 747 2353 regnator
759 2278 890 2336 omnium
901 2277 983 2356 deus,
1000 2286 1100 2336 cetera
1113 2304 1139 2344 10

90 2361 224 2423 subiecta
242 2369 330 2441 atque
349 2366 491 2442 parentia.
517 2364 607 2423 adicit
625 2366 830 2425 auctoritatem
845 2365 963 2424 fortuna
978 2365 1099 2424 Semno-

61 2448 72 2545 ξ’
89 2468 174 2511 num:
191 2458 311 2511 centum
329 2454 397 2530 pagi
411 2453 448 2512 iis
466 2450 646 2532 habitantur,
659 2470 825 2531 magnoque
835 2470 959 2531 corpore
970 2453 1099 2513 efficitur

61 2575 72 2632 4
91 2548 125 2600 ut
139 2557 171 2600 se
187 2537 354 2599 Sueborum
367 2545 457 2619 caput
471 2539 602 2600 credant.
1053 2537 1055 2542 ’

61 2766 70 2810 p
160 2743 212 2811 88,
235 2741 399 2810 lquamuis
418 2742 435 2797 b
454 2758 521 2798 corr.
541 2759 574 2798 ec
592 2757 677 2810 quam
702 2742 707 2810 Ι
734 2747 751 2796 θ
778 2742 942 2808 retorquent
969 2742 1098 2812 Madoip:

84 2815 163 2869 retro
182 2817 336 2881 sequuntur
354 2815 509 2883 (secuntur,
529 2815 691 2880 sequentem
711 2813 747 2879 0)
762 2813 828 2866 libri
850 2818 997 2880 (retrosum
1011 2817 1100 2882 agunt

83 2886 197 2951 Haupt,
216 2886 365 2938 recurvant
383 2883 556 2951 Lachmann,
574 2884 736 2949 retorquere
755 2886 864 2936 suetum
883 2901 932 2937 aas
950 2887 1098 2952 quaedam)

78 2955 85 3021 l
108 2965 145 3013 10
163 2959 226 3026 ipso
245 2959 316 3025 (solo
335 2975 356 3013 e.
371 2958 402 3025 l.)
420 2958 446 3023 b,
464 2955 525 3010 solo
545 2955 616 3024 (ipso
635 2971 656 3010 s.
670 2956 699 3021 l.)
718 2954 755 3020 B,
772 2955 834 3022 ipso
853 2955 914 3009 solo
934 2956 974 3021 01
998 2953 1098 3007 vertici

80 3025 267 3091 Lachmann,
286 3024 390 3078 cortice
409 3024 569 3093 Nipperdey
589 3027 593 3091 1
617 3022 741 3090 religant
759 3025 809 3077 ai:
829 3024 965 3090 religatur
983 3024 1044 3089 Bb,
1064 3023 1098 3075 li-

79 3095 201 3166 gantO
229 3096 234 3163 Ι
264 3100 296 3149 11
315 3093 430 3148 innoxie
449 3096 591 3149 Muretus:
610 3092 723 3147 innoxie
758 3095 763 3160 Ι
798 3099 830 3146 12
850 3091 955 3146 adituri
974 3093 1050 3146 bella
1068 3093 1098 3147 in

78 3166 160 3221 altit.
181 3181 227 3232 qu.
247 3165 276 3218 et
293 3166 429 3219 terrorem
447 3164 593 3220 Acidaliae
622 3164 627 3232 Ι
658 3172 689 3218 13
709 3163 848 3232 comptius
866 3163 990 3223 hostium
1009 3163 1099 3218 Laeli·

75 3252 183 3301 maon,
201 3251 251 3290 nos
269 3237 301 3289 ul
318 3237 500 3304 inclusimus!
517 3236 661 3288 armantur
678 3235 755 3289 B¹b²
771 3240 775 3301 l
792 3235 841 3298 39,
858 3240 871 3285 1
893 3232 1098 3288 vetustissimos

77 3324 113 3362 se
131 3307 267 3376 plerique,
286 3322 316 3359 se
334 3323 384 3361 om.
403 3323 419 3361 c
436 3312 461 3360 et
478 3311 498 3362 2
518 3308 569 3360 alii
585 3310 589 3372 1
606 3320 723 3359 senones
738 3305 777 3371 b¹‚
796 3318 922 3356 semones
937 3303 1000 3368 BG,
1020 3320 1098 3358 seno·

73 3377 267 3434 aestate
285 3376 509 3446 Blepatrium
526 3375 761 3441 B0b¹tsacrum
779 3373 1030 3436 Bce¹140mnis
1051 3377 1096 3448 01

74 3446 240 3513 eiusdemq3
259 3447 287 3499 B
318 3450 322 3513 Ι
351 3451 432 3501 8est
450 3464 500 3501 om.
521 3446 544 3500 0
566 3449 571 3512 1
602 3451 635 3499 12
654 3445 720 3513 pagi
739 3445 774 3497 iis
792 3441 957 3496 habitantur
975 3445 1098 3501 Brotiers

74 3517 168 3590 pagis
187 3516 353 3571 habitantur
372 3516 463 3586 (pagis
481 3515 614 3570 habitant
632 3516 756 3583 Ernesti)
