2378 3982
359 117 454 172 omn.
472 117 521 172 Du
541 118 767 174 ORATORJBUS
786 126 899 175 ao-aa
1045 122 1048 127 ’
1068 121 1134 186 305

10 265 68 326 lose
165 266 296 347 mptius
309 264 346 325 ad
359 267 579 327 miserationem
591 264 731 347 impellat,
746 269 797 345 qui
811 270 868 328 seit
881 268 953 348 quid
967 269 1006 328 sit
1020 269 1133 329 miseri·
1147 291 1174 331 aa

249 361 281 414 et
299 351 407 432 quibus
426 355 516 414 animi
533 354 663 415 motibus
682 358 855 416 concitetur.
901 358 932 415 in
950 355 997 415 bis
1020 356 1134 417 artibus

10 460 63 522 »qu
169 439 449 519 roitationibusque
468 450 603 503 versatus
623 450 735 523 orator,
753 436 815 503 sive
834 443 911 521 apud
930 443 1053 503 infestos
1071 447 1134 505 sive

10 542 63 593 lta
146 529 202 593 ud
231 528 359 607 cupidos
382 530 444 589 siue
472 530 550 608 apud
572 530 738 591 invidentes
761 533 823 592 sive
846 531 924 610 apud
946 533 1048 591 tristes
1071 535 1134 593 sive

10 639 60 700 pre
107 617 201 699 apud
211 617 355 679 timentes
365 616 522 677 dicendum
532 617 678 697 babuerit,
692 618 806 680 tenebit
818 637 908 679 venas
918 620 1093 698 animorum,
1101 617 1134 680 'et

10 710 59 769 rad
107 712 215 787 prout
228 701 376 782 cuiusque
389 712 495 765 natura
507 705 676 784 postulabit,
690 706 842 767 adhibebit
853 725 973 767 manum
982 714 1012 766 et
1021 715 1132 784 tempe·
1147 730 1174 770 no

10 802 57 858 ise
109 792 204 855 nbis
217 793 392 871 orationem,
405 799 508 870 parato
523 795 603 853 omni
616 795 813 854 instrumento
829 802 858 854 et
872 795 909 854 ad
918 812 1036 854 omnem
1046 812 1134 854 usum

21 885 59 945 ib
177 881 268 943 ositd
291 887 361 941 sunt
377 880 455 958 apud
470 898 545 959 quos
558 881 733 942 adstrictum
751 890 781 942 et
795 880 952 943 collectum
970 889 1001 943 et
1019 881 1134 960 singula

10 975 61 1034 riri
165 968 228 1030 tim
245 975 418 1046 argumenta
436 968 616 1029 concludens
635 969 752 1030 dicendi
768 987 862 1048 genus
876 969 943 1046 plus
957 971 1026 1031 fidei
1039 988 1133 1030 mere-

10 1067 64 1123 iun
114 1064 190 1119 tur:
208 1056 289 1134 apud
309 1053 363 1115 hos
377 1055 494 1116 dedisse
509 1074 629 1134 operam
643 1057 812 1117 dialecticae
830 1058 974 1135 proficiet.
1002 1057 1074 1118 alios
1089 1056 1132 1117 lu·

10 1169 66 1211 rer
117 1160 156 1207 ιι
174 1150 209 1205 at
227 1142 358 1222 aequalis
376 1152 407 1203 et
424 1161 460 1202 ex
479 1143 684 1204 communibus
702 1144 791 1205 ducta
810 1145 946 1205 sensibus
965 1147 1058 1205 oratio
1072 1163 1132 1204 ma·
1146 1166 1173 1207 aa

10 1256 67 1315 un,
118 1229 331 1311 quaerentes:
349 1230 385 1291 ad
403 1230 458 1290 hos
471 1231 685 1309 permovendos
702 1232 906 1295 mutuabimur
924 1251 940 1292 a
960 1232 1133 1312 Peripateti·

21 1330 72 1407 qui
189 1325 276 1397 aptos
290 1325 321 1378 et
333 1319 365 1378 in
379 1336 496 1378 omnem
511 1319 740 1397 disputationem
758 1330 876 1399 paratos
894 1323 953 1382 iam
971 1320 1061 1380 locos.
1084 1320 1133 1381 da·

10 1417 76 1476 lun
121 1404 204 1469 bont
221 1405 389 1467 Academici
405 1408 637 1488 pugnacitatem,
655 1407 736 1468 Plato
751 1408 949 1489 altitudinem,
968 1407 1132 1486 Xenophon

10 1522 80 1565 :m
123 1493 356 1573 iucunditatem
387 1512 425 1553 ne
452 1494 575 1572 Epicuri
602 1495 722 1574 quidem
750 1507 780 1555 et
806 1496 967 1557 Metrodori
993 1495 1133 1556 honestas

125 1580 271 1661 quasdam
293 1580 519 1642 exclamationes
541 1581 696 1642 adsumere
716 1584 822 1662 iisque,
844 1592 934 1660 prout
957 1601 1006 1643 res
1028 1586 1133 1663 poscit,
1146 1604 1174 1645 ao

10 1681 89 1741 lun
125 1671 172 1731 ati
188 1667 320 1731 alienum
334 1672 391 1730 erit
404 1671 522 1730 oratori
550 1687 648 1748 neque
665 1671 743 1728 enim
759 1671 921 1746 sapientem
939 1670 1133 1731 informamus

10 1787 92 1829 m.
127 1770 226 1836 neque
240 1756 409 1817 Stoicorum
427 1760 579 1836 comitem,
598 1756 650 1816 sed
665 1774 733 1816 eum
748 1759 799 1834 qui
813 1757 954 1834 quasdam
969 1765 1048 1816 artes
1061 1757 1132 1817 hau·

10 1875 98 1918 m-
127 1846 202 1923 rlre,
226 1861 329 1905 omnes
346 1843 440 1904 libare
458 1843 554 1904 debet.
593 1843 719 1922 ideoque
733 1851 763 1903 et
777 1845 851 1904 iuris
866 1843 960 1903 civilis
979 1845 1133 1903 scientiam

10 1948 99 2006 arfi-
128 1939 245 1993 veteres
259 1939 392 1992 oratores
398 1930 694 2009 comprehendebant,
709 1938 738 1990 et
747 1933 937 2007 grammatica
946 1932 1058 1991 musica
1064 1949 1132 2008 geo-

10 2042 99 2094 lesu
127 2021 234 2081 metria
242 2016 462 2091 imbuebantur,
471 2017 958 2098 inciduntenimcausae‚plurimae
969 2016 1088 2096 quidem
1098 2036 1132 2079 ac
1146 2039 1170 2080 aa

10 2122 99 2181 amr
125 2122 222 2187 pacm
235 2124 351 2184 omnes,
374 2109 407 2167 ic
425 2106 533 2185 quibus
551 2108 626 2168 iuris
639 2108 743 2166 notitia
757 2105 955 2186 desideratur,
972 2105 1132 2185 pleraeque

10 2213 98 2285 amq
126 2203 237 2274 mtem,
249 2196 281 2255 in
296 2193 404 2273 quibus
417 2193 490 2254 haec
505 2211 621 2272 quoque
636 2195 760 2255 scientia
773 2195 947 2272 requiritur.

10 2306 97 2356 ism
192 2279 246 2344 32.
255 2280 317 2342 Nec
331 2283 488 2360 quisquam
497 2283 674 2360 respondeat
684 2282 831 2361 sulficere,
845 2290 879 2342 ut
889 2282 925 2342 ad
937 2290 1054 2360 tempus
1064 2284 1133 2342 sim·

10 2393 94 2442 mm
121 2368 195 2452 plox
219 2369 358 2449 quiddam
381 2376 411 2430 et
433 2370 580 2430 uniforme
603 2369 770 2430 doceamur.
799 2372 928 2447 primum
951 2371 1030 2429 enim
1048 2370 1133 2430 aliter

10 2517 19 2545 ‚
40 2467 92 2527 nia‘
120 2461 242 2522 utimur
259 2458 402 2537 propriis,
420 2456 506 2519 aliter
524 2457 725 2535 commodatis,
743 2455 889 2534 longeque
909 2459 1054 2516 interesse
1073 2474 1132 2517 ma·

10 2570 84 2665 Jqu
197 2591 245 2660 al,
260 2597 293 2647 lo
312 2591 349 2646 ad
367 2591 407 2647 F·
427 2593 456 2647 et
473 2592 552 2647 Boo
567 2592 578 2674 ΙΙ
604 2597 637 2645 1'1
655 2591 802 2671 uersatur}
822 2595 857 2644 20
875 2588 1060 2657 postulauerib
1077 2588 1130 2670 F]

10 2641 78 2698 ²¹³⁰
115 2670 156 2720 21
181 2676 293 2716 omnem
311 2664 466 2717 orabonem
484 2662 546 2716 Bb¹
567 2667 624 2722 123
643 2660 709 2715 fider
728 2662 807 2716 Poe:
825 2660 910 2713 fidem
925 2662 929 2728 Ι
946 2664 979 2715 25
999 2659 1132 2727 aequaba-

10 2734 70 2803 rtd
112 2733 159 2791 lis
179 2732 323 2788 Annaeo
338 2735 343 2804 Ι
358 2739 392 2788 26
410 2731 614 2802 promouendos
632 2732 689 2797 Bb,
708 2730 923 2785 commonendos
943 2730 1034 2798 0127
1053 2745 1132 2799 aper-

10 2817 63 2886 anti
111 2807 172 2861 nos
186 2801 229 2872 F]
247 2804 252 2872 Ι
267 2809 302 2858 ³0
319 2804 418 2872 poscet
428 2804 558 2885 Ritboeaos
573 2805 577 2869 Ι
594 2808 627 2855 32
647 2801 777 2856 comitem
799 2802 904 2858 Vcblec
922 2800 1075 2882 colelc'n.
1093 2801 1131 2854 N.

110 2873 164 2931 H.
221 2874 273 2940 aef.
291 2873 366 2944 §22
392 2877 451 2942 (qno
469 2874 543 2927 locos
560 2888 617 2950 noc
630 2873 716 2940 plane
733 2873 831 2956 cimolia
848 2877 911 2939 est):
943 2872 1087 2924 oru1tatem
1104 2870 1133 2924 B

11 3009 17 3018 ¹
115 2944 147 3000 0
159 3013 168 3026 ι
202 2946 229 2997 et
244 2959 339 3066 necinqqo
357 2944 388 3009 b,
421 2944 510 2996 arbem
523 2941 558 3022 1ῑθῑ
576 2943 678 3008 (errem
695 2942 858 3008 Dd'derlem,
890 2941 1057 3062 scopilionem
1074 2940 1131 3022 Jps.

112 3012 634 3162 ἔθ”ῖεεεεὸεθ
650 3011 924 3150 ..aad
942 3024 1045 3133 θεῖε
1061 3009 1131 3160 εθ

20 3158 42 3235 ⁴3
114 3154 195 3220 aaa)
213 3156 217 3220 Ι
233 3152 326 3208 orvihs
345 3171 394 3208 om.
414 3154 429 3207 b
446 3157 450 3219 Ι
470 3159 505 3207 34
523 3154 704 3221 grammatice
722 3167 827 3206 musice
847 3152 876 3205 eb
894 3151 1047 3219 geometrae
1067 3152 1132 3216 (ace

10 3231 45 3278 '²‘
117 3222 608 3362 idmttfailtlllbd.
627 3222 791 3347 bittit}
809 3219 1131 3372 aidalleida

37 3418 42 3437 ι
116 3377 237 3433 quoqne
261 3364 327 3419 OF:
355 3365 424 3444 haec
447 3364 496 3418 Bb
519 3363 627 3431 (harum
650 3378 759 3430 qnoque
782 3361 987 3431 decoratio-seb)
1017 3361 1022 3429 Ι
1050 3358 1130 3428 82,1

117 3432 265 3488 sufficeret
280 3435 317 3504 {2
336 3449 411 3487 emm
429 3433 592 3490 Rhenanus:
611 3434 705 3487 antem

177 3529 284 3572 uncum
297 3531 374 3572 rans
388 3533 418 3573 11.
936 3525 971 3575 20
