2378 3982
379 229 584 288 AGRICOLAE
602 235 682 286 2-5.
964 229 1030 294 247

22 383 101 442 sium
115 379 229 440 colonia
245 387 337 459 ortus,
356 385 516 455 utrumque
535 396 622 438 avum
634 385 858 456 procuratorem
872 379 1031 442 Caesarum

22 468 136 548 habuit,
152 486 226 546 quae
241 468 389 545 equestris
398 465 537 526 nobilitas
548 474 602 526 est.
629 465 1029 543 paterilliluliusGraecinus

23 557 166 617 senatorii
180 555 301 634 ordinis,
321 554 419 615 studio
434 553 620 631 eloquentiae
634 555 855 632 sapientiaeque
869 565 966 635 notus,
980 558 1030 616 iis·

23 663 82 724 que
106 645 179 721 ipsis
197 642 358 703 virtutibus
377 645 451 702 iram
470 641 523 701 Gai
538 641 670 702 Caesaris
689 643 828 702 meritus:
847 659 974 721 namque
993 643 1057 706 lie

22 732 157 793 Silanum
175 749 316 792 accusare
334 732 435 790 iussus
454 739 491 809 et,
511 731 580 808 quia
598 729 756 810 abnuerat,
781 730 959 791 interiectus
979 739 1031 792 est.

20 829 118 882 mater
132 818 205 881 lulia
219 818 346 879 Procilla
356 817 420 893 luit,
434 835 519 877 rarae
529 818 681 878 castitatis.
692 819 737 882 ,in
750 817 841 878 huius
855 820 923 879 sinu
938 818 1033 878 indul·

15 911 183 988 gentiaque
207 906 350 966 educatus
368 923 422 985 per
444 923 560 966 omnem
581 905 774 966 honestarum
792 908 900 967 artium
920 906 1033 967 cultum

13 998 184 1077 pueritiam
202 994 490 1072 adulescentiamque
504 995 656 1071 transegit.
682 992 802 1054 arcebat
820 1012 887 1055 eum
906 994 942 1055 ab
961 995 1033 1056 inle-

12 1085 124 1146 cebris
133 1084 319 1161 peccantium
327 1092 444 1159 praeter
454 1083 548 1160 ipsius
558 1081 664 1141 bonam
674 1083 878 1161 integramque
888 1092 1033 1164 naturam,
1048 1105 1075 1146 ro

10 1172 104 1252 quod
123 1173 222 1231 statim
240 1170 380 1249 parvulus
399 1170 499 1230 sedem
515 1188 548 1230 ac
562 1171 733 1247 magistram
748 1170 915 1231 studiorum
933 1171 1034 1232 Massi·

10 1259 93 1322 liam
111 1258 227 1339 habuit,
249 1258 347 1319 locum
367 1258 479 1319 Graeca
497 1259 634 1319 comitate
652 1265 683 1318 et
700 1258 874 1336 provinciali
892 1260 1033 1336 parsimo-

10 1352 72 1411 nia
95 1349 222 1407 mixtum
244 1364 278 1406 ac
300 1346 376 1406 bene
399 1348 603 1424 compositum.
637 1348 779 1406 memoria
803 1354 890 1406 teneo
914 1348 1034 1407 solitum

10 1439 125 1517 ipsum
147 1450 269 1492 narrare
297 1450 329 1492 se
356 1434 451 1511 prima
474 1435 504 1492 in
533 1436 651 1494 inventa
674 1434 806 1495 studium
830 1433 1033 1513 philosophiae

10 1524 141 1601 acrius,
155 1520 234 1581 ultra
248 1537 336 1599 quam
351 1536 525 1580 concessum
538 1521 667 1582 Romano
682 1541 717 1584 ac
731 1525 870 1604 senatori,
889 1523 1033 1604 hausisse,
1048 1543 1074 1585 ιι

10 1616 52 1674 mi
70 1609 230 1688 prudentia
244 1609 347 1667 matris
355 1608 510 1667 incensum
520 1625 554 1668 ac
563 1608 735 1686 llagrantem
746 1614 877 1671 animum
887 1613 1034 1673 coercuis-

16 1708 80 1762 set.
107 1697 222 1757 scilicet
236 1694 362 1756 sublime
377 1703 408 1755 et
422 1703 556 1755 erectum
568 1697 720 1773 ingenium
734 1698 986 1776 pulchritudinem
1000 1718 1035 1761 ac

16 1788 158 1866 speciem
170 1802 292 1862 magnae
302 1783 495 1862 excelsaeque
509 1782 619 1861 gloriae
629 1782 832 1845 vehementius
847 1804 936 1863 quam
949 1797 1034 1848 caute

18 1873 191 1953 adpetebat.
228 1890 294 1932 mox
314 1872 458 1949 mitigavit
476 1873 552 1932 ratio
576 1880 606 1931 et
623 1881 717 1952 aetas,
736 1873 933 1953 retinuitque,
956 1874 1034 1953 quod

20 1973 73 2024 est
87 1960 302 2039 difficillimum,
318 1978 353 2020 ex
368 1962 511 2038 sapientia
526 1959 654 2020 modum.
1049 1983 1074 2023 ao

93 2046 122 2110 5.
133 2049 230 2108 Prima
245 2057 411 2108 castrorum
425 2048 592 2108 rudimenta
606 2049 637 2107 in
648 2047 800 2108 Britannia
811 2047 953 2108 Suetonio
963 2048 1036 2109 Pau·

22 2138 102 2217 lino,
126 2136 313 2214 diligentiae
331 2136 483 2196 moderato
501 2136 584 2214 duci,
607 2135 792 2214 adprobavit,
816 2135 928 2197 electus
948 2155 1037 2215 quem

23 2223 224 2288 contubernio
247 2227 423 2285 aestimaret.
460 2241 515 2284 nec
540 2223 676 2302 Agricola
694 2223 831 2304 licenter,
854 2242 936 2284 more
956 2227 1036 2286 iuve-

22 2332 109 2394 num,
126 2315 177 2391 qui
191 2311 324 2372 militiam
339 2314 369 2371 in
384 2312 532 2372 lasciviam
547 2319 676 2391 vertunt,
690 2330 786 2391 neque
801 2315 932 2390 segniter
942 2313 978 2373 ad
987 2332 1036 2374 vo·

10 2401 156 2482 Jluptetes
171 2409 201 2461 et
215 2407 395 2460 commeatus
405 2399 524 2460 titulum
535 2399 703 2460 tribunatus
713 2409 743 2460 et
752 2403 899 2461 inscitiam
907 2401 1036 2463 rettulit:
1049 2423 1063 2463 e

10 2490 80 2571 ¹sed
104 2506 228 2549 noscere
251 2489 447 2566 provinciam,
470 2490 555 2548 nosci
577 2489 734 2567 exercitui,
752 2487 867 2548 discere
888 2506 905 2547 a
923 2491 1037 2569 peritis,

13 2579 115 2659 Lsequi
129 2579 269 2656 optimos,
287 2576 361 2637 nihil
375 2575 514 2653 adpetere
533 2577 564 2635 in
578 2577 778 2654 iactationem,
796 2574 871 2635 nihil
884 2575 922 2634 ob
938 2576 1037 2636 lormi-

10 2666 127 2751 3dinem
147 2682 286 2725 recusare
308 2663 454 2742 simulque
473 2672 504 2723 et
522 2665 627 2723 anxius
645 2671 676 2722 et
694 2664 826 2722 intentus
846 2681 941 2741 agere.
976 2682 1037 2725 non

10 2771 99 2841 psane
118 2752 190 2813 alias
209 2753 397 2813 exercitatior
421 2753 574 2830 magisque
592 2753 624 2811 in
642 2750 778 2829 ambiguo
797 2749 949 2812 Britannia
967 2752 1036 2813 suit:

10 2841 171 2931 ,trucidati
195 2843 340 2919 veterani,
367 2842 505 2900 incensae
525 2838 670 2920 coloniae,
697 2842 856 2918 intercepti
874 2842 1077 2921 exercitus31o

29 2936 92 2990 tum
112 2929 149 2989 de
164 2929 272 3008 salute,
295 2946 362 2988 mox
381 2927 417 2987 de
436 2929 559 2988 victoria
578 2935 738 2989 certavere.
766 2946 841 3006 quae
855 2938 963 2989 cuncta
981 2930 1037 2989 etsi

10 3050 18 3108 l:

98 3134 126 3200 4,
141 3140 157 3187 2
177 3131 304 3186 Caesaris
322 3132 350 3185 Β
366 3134 370 3199 Ι
386 3139 402 3186 3
421 3131 464 3186 illi
478 3133 615 3201 Wdlftliu:
634 3131 699 3186 Iulii
717 3133 754 3197 A,
772 3129 826 3184 luli
843 3130 880 3196 B,
898 3146 948 3185 om.
969 3129 1038 3197 Lep-

15 3206 85 3259 ·tius
101 3207 105 3271 Ι
122 3210 139 3257 6
158 3202 291 3256 sillanum
308 3204 344 3270 A,
364 3202 504 3256 sullanum
522 3202 550 3255 Β
566 3205 570 3270 Ι
587 3209 603 3258 8
621 3201 779 3256 honestatis
798 3203 825 3254 Β
841 3203 846 3268 Ι
863 3206 878 3255 9
899 3200 974 3269 eum]
994 3201 1037 3252 te·

14 3275 92 3330 lmen
110 3274 139 3327 Β
159 3276 164 3343 Ι
186 3280 219 3327 14
236 3273 267 3326 in
285 3290 334 3328 om.
354 3273 382 3326 Β
398 3279 401 3338 Ι
424 3279 457 3327 15
476 3273 579 3342 comus]
600 3289 633 3326 ec
651 3272 719 3325 iuris
738 3273 859 3326 Piohena
874 3271 879 3336 Ι
896 3269 1037 3323 senatorio

14 3342 154 3405 suemus
169 3346 174 3412 Ι
192 3350 224 3399 18
244 3343 353 3397 cautius
371 3344 532 3414 Nipperdey
552 3346 556 3411 Ι
578 3349 611 3397 19
630 3341 747 3396 retinuit
764 3344 792 3395 Β
817 3345 821 3410 Ι
846 3341 904 3407 tte
924 3340 1037 3395 contub.

10 3416 188 3473 .·edeumcret
207 3414 375 3470 Cornelissen
390 3419 394 3480 Ι
410 3415 528 3468 licenter
547 3412 608 3481 egit
622 3413 747 3467 Heraeus
762 3414 766 3479 1
782 3416 799 3464 4
818 3425 869 3466 nec
883 3411 921 3476 B,
939 3412 1039 3476 uisere

10 3478 130 3556 saemper
154 3491 159 3552 Ι
185 3484 358 3539 eiustitiem
375 3485 403 3538 Β
432 3488 437 3553 i
467 3481 651 3539 9excitatior
668 3482 806 3548 Buobuer,
824 3479 943 3535 erectior
969 3481 1039 3536 Viol-

19 3556 110 3615 baber
126 3561 132 3626 Ι
149 3561 182 3610 10
201 3555 316 3610 incense
334 3554 445 3609 colonie
462 3554 579 3625 Lepsios
599 3558 603 3623 Ι
624 3551 780 3624 interrepti,
799 3569 845 3608 eoo.
868 3552 1039 3609 Puteolanus
