2378 3982
142 214 209 281 234
480 205 661 268 ‘connum
677 212 797 268 mmm

142 363 277 442 Helvetii,
291 361 433 423 ulteriora
446 360 519 441 boii,
534 359 643 421 Gallica
657 369 783 440 utraque
798 378 879 440 gens,
893 368 1027 421 tenuere.
1055 379 1122 422 man

142 452 239 514 adhuc
253 450 405 511 Boihaemi
421 468 528 510 nomen
542 450 747 528 significatque
761 448 819 510 loci
832 457 962 509 veterem
978 453 1122 511 memoria

142 542 276 620 quamvis
290 540 411 600 mutatis
425 536 599 598 cultoribus.
614 537 666 598 sed
675 547 775 598 utrum
785 538 918 598 Aravisci
928 539 958 596 in
969 536 1122 599 Pannonia

102 653 129 693 ιι
142 628 178 689 ab
193 627 261 689 Osis
271 626 501 705 [Germanorum
515 625 647 703 natione]
660 644 697 686 an
712 625 763 687 Osi
778 625 814 686 ab
828 626 976 686 Araviscis
990 628 1023 685 in
1034 626 1122 687 Gerrr

141 719 219 777 niam
242 716 511 794 commigraverint,
524 732 593 775 cum
606 714 711 774 eodem
734 713 830 774 adhue
849 732 986 774 sermone
1004 716 1122 775 institu

140 804 273 866 moribus
288 812 419 883 utantur,
434 804 583 863 incertum
596 810 650 883 est,
666 804 735 881 quia
749 803 814 880 pari
828 801 898 862 olim
909 804 1010 881 inopia
1019 820 1055 863 ac
1066 803 1122 864 libe

140 901 201 953 tate
219 892 321 952 eadem
340 893 499 970 utriusque
516 892 599 969 ripae
617 889 694 950 bona
712 890 846 970 malaque
861 899 953 951 erant.
982 889 1116 952 Treveri

139 979 241 1040 Nervii
264 982 343 1040 eirca
365 979 591 1040 adfectationem
610 977 801 1039 Germanicae
818 982 942 1056 originis
960 978 1041 1039 ultro
1063 980 1122 1040 aml

31 1118 41 1133 .
101 1093 127 1134 ιι
140 1070 211 1129 ιιοιι
229 1075 307 1148 sunt,
325 1075 475 1146 tamquam
492 1084 547 1147 per
565 1066 640 1126 hauc
659 1065 782 1145 gloriam
805 1069 959 1144 sanguinis
976 1085 994 1127 a
1015 1069 1122 1129 similit

140 1158 209 1218 dine
224 1163 254 1218 et
266 1158 372 1217 inertia
388 1155 539 1217 Gallorum
553 1162 736 1232 separentur.
750 1157 845 1234 ipsam
859 1154 955 1215 Rheni
964 1156 1064 1233 ripam
1075 1157 1122 1217 har

140 1245 229 1305 dubie
253 1245 468 1305 Germanorum
485 1241 588 1322 populi
606 1241 720 1321 colunt,
739 1241 918 1324 Vangiones,
941 1242 1082 1325 Triboci,
1101 1244 1122 1305 ll

139 1341 241 1394 metes.
265 1351 303 1393 ne
317 1331 385 1392 Ubii
400 1330 528 1411 quidem,
545 1348 723 1409 quamquam
736 1330 866 1391 Romana
880 1331 995 1392 colonia
1009 1349 1082 1392 esse
1096 1352 1122 1393 m

139 1424 256 1482 ruerint
287 1438 321 1480 ae
348 1418 489 1479 libentius
512 1418 744 1496 Agrippinenses
773 1419 936 1480 conditoris
959 1421 1008 1480 sui
1030 1424 1122 1481 nom'u

98 1516 292 1587 revocentur,
306 1509 421 1585 origine
433 1505 623 1587 erubescunt,
637 1509 816 1585 transgressi
826 1507 896 1568 olim
906 1515 936 1568 et
946 1510 1122 1587 experimen

138 1597 208 1657 fidei
222 1613 314 1674 super
326 1589 420 1674 ipsam
434 1594 531 1656 Rheni
543 1597 639 1673 ripam
653 1595 803 1676 collocati,
821 1603 856 1656 ut
868 1603 1019 1677 arcerent,
1042 1616 1106 1659 non
1121 1618 1122 1624 ¹

140 1683 372 1745 custodirentur.

204 1769 256 1832 29.
287 1771 426 1832 Omnium
448 1772 555 1833 harum
577 1773 711 1851 gentium
738 1772 848 1833 virtute
871 1773 1026 1850 praecipui
1050 1773 1122 1835 Bata

137 1877 198 1921 non
216 1858 344 1922 multum
362 1878 398 1920 ex
417 1862 490 1941 ripa,
504 1859 557 1920 sed
571 1858 698 1920 insulam
712 1858 808 1919 Rheni
822 1862 917 1922 amnis
931 1860 1044 1940 colunt,
1065 1862 1122 1923 Cha

137 1956 238 2010 torum
257 1948 405 2028 quondam
424 1946 552 2026 populus
572 1954 603 2006 et
616 1947 762 2008 seditione
776 1947 938 2009 domestica
951 1951 983 2009 in
997 1967 1050 2010 eas
1065 1952 1121 2011 sed

136 2044 351 2117 transgressus,
369 2038 401 2096 in
422 2035 532 2114 quibus
545 2052 614 2113 pars
628 2034 752 2095 Romani
765 2037 884 2114 imperii
897 2037 1011 2098 tierent.
1051 2057 1122 2100 man

109 2123 232 2189 thonos
250 2133 282 2186 et
299 2126 437 2202 antiquae
455 2124 606 2183 societatis
623 2124 753 2204 iusigne3
775 2141 843 2184 uam
862 2142 917 2185 nec
936 2125 1061 2187 tributis
1083 2146 1121 2188 co

136 2219 312 2273 temnuntur
325 2229 380 2271 nec
394 2209 571 2289 publicanus
584 2213 700 2291 atterit3
718 2214 848 2290 exempti
861 2213 1003 2274 oneribus
1017 2222 1050 2276 et
1064 2216 1122 2277 coll

137 2299 268 2361 tionibus
293 2306 323 2359 et
341 2306 455 2359 tantum
474 2301 505 2359 in
523 2317 612 2360 usum
629 2299 812 2379 proeliorum
831 2303 967 2382 sepositi,
990 2301 1074 2364 velut
1095 2313 1122 2366 te

109 2402 113 2410 ·
137 2394 226 2466 atque
250 2404 346 2467 arma,
369 2386 455 2447 bellis
478 2396 676 2450 reservantur.
709 2396 756 2448 est
772 2390 805 2449 iu
823 2389 927 2450 eodem
950 2389 1098 2470 obsequio

136 2475 341 2537 Mattiacorum
360 2492 449 2556 geus3
471 2475 595 2554 protulit
612 2478 693 2537 euim
710 2477 882 2554 magnitudo
901 2477 1004 2556 populi
1023 2479 1121 2540 Roma

96 2587 124 2629 ro
137 2563 214 2625 ultra
228 2563 365 2624 Rhenum
380 2563 517 2643 ultraque
531 2574 647 2625 veteres
661 2567 804 2625 terminos
813 2567 932 2644 imperii
941 2571 1122 2629 reverentior

135 2655 176 2713 ita
199 2653 268 2713 sede
291 2651 462 2732 finibusque
481 2653 513 2712 in
532 2671 584 2713 sua
603 2655 677 2733 ripa,
695 2661 794 2713 mente
814 2657 971 2733 animoque
990 2655 1121 2719 uobiscu

135 2734 239 2820 agunt,
263 2748 362 2800 cetera
385 2739 497 2801 similes
515 2739 645 2821 Batavis,
667 2742 725 2801 nisi
745 2742 825 2820 quod
849 2743 914 2821 ipso
933 2741 1031 2805 adhue
1048 2752 1122 2808 terra

135 2845 207 2889 suae
221 2826 284 2888 solo
298 2835 328 2888 et
342 2827 423 2889 caelo
438 2830 537 2889 acrius
552 2830 728 2889 animantur.

205 3049 251 3116 28,
266 3051 420 3136 tubaque
438 3052 523 3107 orob
553 3052 558 3120 Ι
587 3050 747 3105 sboihemi
770 3053 812 3107 vel
829 3051 934 3107 boiemi
947 3053 1059 3122 portae
1060 3071 1092 3123 e,·
1116 3074 1122 3110 ι

132 3122 273 3189 scriptam
289 3123 447 3178 camiaico.
462 3120 625 3189 Mtpm
642 3124 679 3188 18
699 3122 848 3203 signatque
867 3125 903 3179 bc
918 3125 923 3193 Ι
939 3123 995 3177 coli
1018 3124 1122 3182 Weido

134 3192 234 3246 Philet.
252 3196 297 3258 41,
310 3197 367 3249 367
390 3195 396 3261 Ι
421 3190 874 3275 monumentorumque
898 3195 904 3263 Ι
931 3194 1122 3266 [Germanoru

131 3261 258 3332 natione]
285 3264 413 3330 Parsoro,
441 3263 477 3329 cf.
495 3279 517 3317 o.
537 3265 574 3317 43
603 3263 608 3331 Ι
643 3269 675 3317 12
695 3264 806 3386 quing„
803 3263 853 3332 qui
869 3265 932 3319 Βιι
961 3268 967 3335 Ι
997 3272 1031 3320 14
1049 3267 1122 3324 Nerr

132 3332 298 3387 Ιιιιιιιαιιιιι.
317 3332 416 3386 Neruii
432 3334 437 3399 Ι
452 3348 602 3414 germanae
621 3335 638 3388 b
654 3337 658 3402 Ι
676 3340 708 3388 17
728 3335 766 3386 du
787 3335 808 3388 ri
825 3334 960 3389 Ηιιιιιιιιι
976 3336 981 3404 Ι
995 3337 1110 3393 treboci

131 3402 188 3526 pit}
207 3419 242 3457 ne
260 3402 326 3456 Ubii
346 3403 460 3458 Gruter.
478 3403 558 3458 nuhii
577 3406 584 3472 Ι
605 3410 637 3458 19
657 3419 672 3457 e
691 3403 845 3458 conditoris
864 3407 1013 3463 Acidaliae
1037 3412 1042 3474 Ι
1071 3411 1117 3477 29,

153 3474 272 3540 atbuib
290 3472 399 3527 hatarii
415 3475 474 3530 130
524 3481 540 3528 2
560 3477 699 3529 cattorum
717 3475 790 3543 Bu,
808 3477 872 3531 item
890 3478 993 3531 olios'
980 3495 1013 3532 ιιι
1030 3480 1084 3536 boc
1100 3497 1122 3536 ιι

122 3543 228 3612 mem}
246 3548 264 3596 ὅ
283 3546 465 3599 conteruntur
487 3476 624 3616 branuc!
647 3551 663 3600 9
681 3546 868 3601 matiacorum
888 3546 909 3602 0
925 3551 930 3617 Ι
948 3553 980 3603 12
999 3548 1115 3608 balbula
