2378 3982
144 191 210 256 258
489 189 798 245 connumerem

146 338 329 400 circumcisis
350 339 474 416 quaein
494 345 650 416 quaestum
667 344 787 415 reperta
804 338 869 415 ipso
893 335 1016 398 tributo
1040 339 1155 417 gravius

105 448 132 490 rs
145 425 355 487 tolerabantur.
387 443 513 504 namque
536 443 591 503 per
610 425 773 486 ludibrium
793 423 929 485 adsidere
953 424 1076 487 clausis
1098 427 1157 489 bor

145 515 205 574 reis
224 521 254 574 et
273 531 371 573 emere
390 512 468 574 ultro
483 514 631 573 frumenta
645 509 825 592 ac†ludere
843 514 940 591 pretio
961 514 1157 593 cogebantur.

144 602 277 663 devortia
303 603 445 661 itinerum
472 607 502 660 et
526 600 726 679 longinquitas
762 602 917 679 regionum
950 602 1159 685 indicebatur,

144 701 178 750 ut
188 693 322 751 civitates
333 707 391 765 pro
400 690 543 767 proximis
556 689 689 748 bibernis
699 690 730 748 in
740 698 853 749 remota
867 696 897 749 et
911 691 980 750 aria
996 691 1158 773 deferrent,

144 778 238 839 donec
271 775 350 856 quod
382 777 519 836 omnibus
549 778 581 836 in
607 783 747 854 promptu
775 784 839 837 erat
864 779 973 855 paucis
1003 778 1159 843 lucrosum

105 889 132 930 ro
145 867 237 926 lieret
930 868 939 884 '

210 950 263 1013 20,
286 951 365 1012 llaec
383 954 480 1030 primo
499 953 599 1012 statim
617 970 695 1011 anno
715 952 935 1030 comprimendo
951 956 1161 1034 egregiamia

145 1059 222 1100 mam
236 1043 302 1118 paci
316 1040 520 1120 circumdedit,
535 1058 610 1119 quae
624 1039 671 1100 rel
684 1042 798 1100 incuria
814 1039 859 1100 vel
872 1039 1078 1104 intolerantia
1092 1046 1160 1124 prio

144 1147 212 1189 rum
226 1128 304 1188 haud
323 1130 421 1188 minus
436 1147 524 1207 quam
538 1128 649 1188 bellurn
662 1128 831 1188 timebatur.
859 1128 912 1189 sed
926 1127 986 1190 ubi
1000 1140 1109 1193 aestas
1121 1132 1159 1193 ad

145 1219 238 1296 venit,
260 1226 410 1277 contracto
430 1219 563 1277 exercitu
576 1216 687 1277 multus
706 1218 737 1275 in
756 1217 885 1296 agmine,
912 1215 1047 1279 laudare
1068 1220 1157 1281 mode

119 1308 241 1382 ostiam,
256 1304 395 1364 disiectos
410 1309 564 1383 coercere5
591 1303 655 1364 loca
669 1306 774 1364 castris
788 1306 852 1382 ipse
867 1321 989 1385 capere,
1011 1310 1154 1370 aestuarit

145 1411 180 1454 ac
194 1392 282 1453 silvas
295 1395 359 1470 ipse
368 1399 598 1470 praetemptare,
613 1401 642 1450 et
657 1391 730 1450 nibil
744 1394 864 1452 interim
878 1392 958 1469 apud
968 1393 1078 1456 bostis
1089 1399 1152 1476 quie

146 1489 210 1541 tum
228 1483 303 1558 pati,
331 1481 505 1556 quominus
525 1478 631 1538 subitis
650 1480 825 1540 excursibus
834 1479 1056 1564 popularetur,
1081 1503 1098 1545 a
1118 1510 1152 1537 w

145 1568 198 1628 ubi
212 1569 283 1625 satis
298 1573 458 1645 terruerat,
472 1567 621 1644 parcendo
636 1585 741 1628 rursus
754 1570 945 1628 invitamenta
961 1573 1055 1647 pacis
1070 1591 1106 1634 os
1123 1601 1131 1624 a

145 1662 218 1715 tare.
249 1653 357 1731 quibus
380 1653 470 1713 rebus
484 1653 593 1714 multae
607 1657 753 1735 civitates,
781 1674 855 1734 quae
874 1657 905 1715 in
924 1655 1016 1718 illum
1032 1660 1140 1721 diem

107 1760 241 1819 maeque
260 1748 393 1821 egerant,
422 1742 498 1802 datis
517 1742 669 1802 obsidibus
687 1746 762 1802 iram
782 1761 925 1824 posuere,
954 1753 986 1805 et
999 1748 1148 1824 praesidffi

147 1829 333 1907 castellisque
348 1830 555 1910 circumdatae,
570 1833 778 1891 tanta'ratione
793 1850 932 1910 curaque,
947 1841 984 1894 ut
997 1836 1089 1897 nulla
1098 1842 1148 1898 ano

146 1918 314 1979 Britanniae
328 1937 402 1978 nova
420 1936 489 1996 pars
498 1922 622 1993 pariter
639 1918 797 1978 illaeessita
811 1921 973 1981 transierit.

102 2072 106 2077 ,
212 2005 263 2067 21.
289 2006 423 2084 Sequens
432 2007 527 2066 hiems
537 2006 738 2066 saluberrimis
747 2007 878 2067 consiliis
888 2007 1064 2087 absumpta.
1082 2028 1149 2073 nam

147 2113 204 2173 que
231 2103 265 2155 ut
291 2095 427 2154 homines
454 2095 582 2171 dispersi
608 2113 642 2154 ac
665 2095 755 2154 rudes
779 2113 874 2173 eoque
898 2097 930 2155 in
953 2095 1037 2158 bella
1061 2098 1149 2161 raone

147 2185 241 2261 quieti
259 2190 289 2241 et
307 2185 367 2241 otio
388 2199 443 2260 per
460 2181 625 2260 voluptates
643 2182 866 2264 adsuescerent,
880 2182 996 2244 hortari
1010 2189 1151 2266 privatim,

147 2271 285 2329 adiuvare
299 2268 427 2347 publice,
445 2278 478 2328 ut
492 2270 600 2348 templa
615 2271 677 2329 lora
692 2271 794 2330 domos
809 2279 991 2352 extruerent,
1009 2273 1151 2336 laudando

121 2364 301 2435 epromptos
325 2364 355 2415 et
378 2357 547 2434 castigando
566 2377 685 2435 segnes:
711 2361 752 2418 ita
775 2358 896 2419 honoris
919 2361 1084 2423 aemulatio
1107 2378 1152 2442 prt

147 2446 324 2504 necessitate
338 2453 410 2505 erat.
432 2447 490 2504 iam
504 2464 573 2505 vero
584 2449 752 2523 principum
767 2446 842 2506 filios
857 2447 1035 2510 liberalibus
1044 2451 1153 2512 artibnt

148 2533 280 2612 erudire,
304 2541 333 2593 et
352 2534 469 2610 ingenia
482 2533 692 2595 Britannorum
712 2535 818 2594 studiis
833 2534 982 2595 Gallorum
998 2539 1156 2619 anteferre,

147 2629 181 2681 ut
195 2623 247 2698 qui
260 2621 346 2680 modo
360 2621 490 2699 linguam
503 2622 660 2680 Romanam
677 2622 853 2701 abnuebant,
873 2622 1079 2702 eloquentiam
1093 2644 1156 2689 con·

147 2711 344 2785 cupiscerent.
381 2709 449 2768 inde
469 2711 557 2768 etiam
578 2709 697 2770 babitus
719 2712 816 2770 nostri
839 2711 935 2771 honor
958 2718 989 2772 et
1014 2713 1157 2795 frequens

219 2875 313 2940 11114
332 2874 555 2943 circumcisisque
574 2894 646 2943 quae
665 2878 836 2935 Henrichaert
851 2881 856 2947 Ι
874 2885 907 2934 16
925 2895 959 2934 cc
976 2879 1059 2938 luere
1085 2885 1159 2951 Wet,

147 2962 180 3000 oc
198 2945 341 3027 recludere
359 2947 471 3013 Hortor,
490 2963 523 3027 ac
541 2946 620 3000 liceri
639 2949 773 3016 Heraeus,
792 2950 1029 3032 auctiorepretio
1044 2953 1160 3021 Urlichs,

109 3052 117 3063 '
148 3017 722 3160 tutudit<tttttl⁰ltldttt
738 3021 1160 3169 lttdttlbttddat

148 3159 221 3223 20‚4
239 3158 359 3211 multum
371 3159 399 3212 B
417 3165 442 3213 et
460 3162 565 3215 carrd
582 3161 586 3227 Ι
603 3166 618 3214 6
638 3159 733 3214 hostes
753 3164 779 3214 A
796 3164 800 3230 Ι
818 3168 832 3216 'l
851 3161 1004 3230 popularet
1021 3165 1051 3218 B
1069 3169 1076 3237 Ι
1093 3174 1113 3224 8
1129 3167 1161 3223 ir·

148 3229 312 3296 ritamenta,
330 3247 378 3284 em.
396 3229 542 3284 Acidaliae
562 3236 586 3284 et
605 3231 719 3298 Lipsius
748 3233 752 3299 Ι
784 3237 813 3285 11
834 3233 917 3285 tanta
934 3232 1110 3295 zebeam
1138 3238 1163 3293 ct

148 3300 229 3352 tenta
248 3302 288 3368 (et
305 3301 326 3352 t.
344 3318 366 3353 r.
386 3316 506 3367 curaque
525 3300 639 3354 habitae
658 3301 757 3370 Ritter)
778 3304 783 3371 Ι
808 3309 840 3355 12
859 3301 965 3370 pariter
982 3307 1051 3362 odd,
1078 3308 1163 3367 me

148 3372 276 3434 scabere,
303 3370 345 3423 ite
362 3370 489 3437 Ernesti,
517 3373 575 3424 tam
600 3372 718 3439 Urlichs,
744 3371 860 3441 perinde
879 3373 969 3428 Ritter
987 3376 1082 3444 (pars.
1103 3378 1164 3435 111»

149 3442 251 3493 cessita
268 3439 384 3494 transiit
402 3458 519 3508 sequens
539 3442 566 3495 b.
586 3442 695 3509 sosius)
717 3444 721 3509 Ι
746 3442 821 3508 21‚1
843 3445 1002 3515 adsumpta,
1022 3464 1077 3505 en,
1098 3451 1164 3509 Ru·

148 3525 241 3564 nanus
260 3513 265 3579 Ι
285 3515 301 3563 2
320 3511 396 3564 bella
413 3513 527 3567 Rosius:
545 3511 622 3566 bello
642 3512 758 3580 (bellum
776 3513 938 3581 Rhenanus)
