2378 3982
167 192 232 258 238
518 187 824 245 coeanensium

167 342 279 401 inertes
297 356 331 400 ae
355 336 438 398 stulti
456 346 612 399 vocantur:
633 336 747 398 Chattis
765 335 926 398 victoribus
945 335 1071 397 fortuna
1091 339 1126 399 in
1147 383 1151 391 r

167 429 310 507 pientiam
328 429 427 501 cessit,
461 429 549 487 tracti
567 427 653 486 ruina
672 425 890 486 Cheruscorum
910 432 939 484 et
958 423 1047 507 Fosi,
1067 435 1166 490 center

168 518 247 576 mina
269 533 355 595 gens,
374 515 563 575 adversarum
582 532 684 575 rerum
703 532 739 574 ex
759 531 853 592 aequo
869 513 943 573 socii
956 521 1045 596 sunt,
1069 534 1143 578 cum
1154 519 1163 569 ἰ

169 602 308 665 secundis
324 605 454 663 minores
469 603 605 665 fuissent

235 689 287 752 37.
310 690 445 751 Eundem
465 690 638 751 Germaniae
657 691 756 751 sinum
778 691 906 768 proximi
924 689 1047 752 Oceano
1073 691 1099 753 C
1120 718 1153 747 a.

169 787 281 860 tenent,
303 796 393 857 parva
415 796 495 839 nunc
518 780 635 859 civitas,
657 778 709 839 sed
733 777 826 856 gloria
849 781 962 856 ingens.
1009 783 1164 861 veterisq

169 869 262 930 lamae
285 866 343 928 lata
366 869 489 946 vestigia
513 874 645 948 manent,
668 876 795 946 utroquo
817 869 881 946 ripa
907 875 1005 929 eastra
1025 887 1063 930 ac
1084 887 1141 951 spa

169 974 297 1036 quorum
312 955 424 1017 ambitu
438 973 518 1017 nune
533 973 651 1035 quoque
665 957 798 1016 metiaris
811 956 919 1017 molem
932 974 1166 1038 manusque

142 1069 156 1111 n
169 1047 208 1105 tis
223 1053 254 1105 et
267 1050 327 1104 tam
340 1047 439 1124 magni
453 1046 550 1104 exitus
563 1044 660 1105 fidem.
686 1046 931 1105 sescentesimum
945 1053 975 1106 et
989 1046 1164 1127 quadrag

169 1151 251 1194 mum
269 1150 380 1194 annum
402 1133 475 1195 urbs
499 1140 600 1193 nostra
618 1131 735 1213 agebat,
759 1151 827 1194 cum
845 1135 975 1212 primum
989 1133 1122 1196 Cimbro
1158 1180 1159 1183 ,

170 1221 269 1282 audita
292 1230 363 1284 sunt
384 1240 464 1282 arma
487 1220 613 1301 Caecilio
636 1220 754 1281 Metello
772 1229 803 1282 et
819 1221 937 1300 Papirio
955 1220 1115 1285 Carbone·
1146 1252 1162 1280 o

169 1309 293 1371 sulihus.
312 1328 349 1370 ex
363 1328 422 1390 quo
436 1309 512 1370 si‘ad
526 1309 651 1370 alterum
666 1311 854 1388 imperatoris
864 1310 981 1371 Traiani
992 1311 1127 1374 consula
1145 1339 1153 1365 o

170 1407 389 1479 computemus,
412 1398 533 1458 ducenti
554 1399 647 1459 ferme
661 1405 692 1459 et
706 1399 809 1459 decem
822 1401 892 1459 anni
905 1397 1112 1477 colliguntur:
1145 1427 1152 1453 r

129 1511 156 1552 io
170 1487 221 1548 diu
240 1487 396 1547 Germania
413 1488 552 1548 vincitur.
587 1486 685 1548 medio
702 1494 762 1547 tam
785 1486 866 1566 longi
888 1487 953 1547 aevi
971 1490 1075 1566 spatio
1096 1509 1158 1551 mv

169 1576 202 1635 in
215 1576 311 1634 vicem
325 1574 439 1635 damna.
464 1592 524 1634 non
539 1574 665 1655 Samnis,
678 1593 739 1635 non
752 1574 853 1656 Poeni,
866 1593 926 1636 non
940 1573 1109 1654 Hispaniae

169 1662 275 1742 liaevc,
298 1681 336 1723 ne
354 1662 456 1723 Parthi
470 1663 590 1741 quidem
610 1665 729 1741 saepius
743 1662 936 1725 admonuere:
960 1666 1080 1743 quippe
1094 1685 1121 1726 r·
1132 1690 1151 1738 gr

169 1751 287 1811 Arsacis
302 1753 399 1812 acrior
413 1760 459 1812 est
472 1752 686 1812 Germanorum
699 1750 830 1811 libertas.
854 1752 924 1830 quid
939 1754 1019 1831 enim
1034 1753 1123 1814 aliud
1140 1780 1154 1809 c

169 1838 216 1899 bis
235 1857 324 1917 quam
342 1839 462 1900 caedem
481 1839 593 1921 Crassi,
613 1841 721 1900 amisso
740 1847 770 1899 et
785 1841 849 1917 ipse
862 1838 987 1921 Pacoro,
1011 1840 1095 1903 inira
1109 1841 1147 1901 th

130 1951 156 1993 re
170 1928 276 1988 tidium
300 1928 434 1988 deiectus
453 1926 560 1988 Oriens
585 1923 750 1989 obiecerit?
775 1935 806 1986 at
829 1926 967 1988 Germani
991 1927 1131 1991 Carbone

170 2016 270 2077 Cassio
303 2024 333 2076 et
365 2015 478 2076 Scauro
509 2015 629 2077 Aurelio
666 2024 697 2076 et
733 2013 858 2075 Servilio
891 2015 1040 2094 Caepione
1070 2017 1148 2079 Gna

171 2122 229 2183 que
242 2103 339 2164 hlallio
359 2104 434 2164 lusis
451 2102 498 2163 vel
516 2106 611 2182 captis
630 2106 761 2183 quinque
775 2103 865 2164 simul
878 2103 1054 2165 consulares
1069 2124 1126 2167 exe
1145 2134 1153 2157 ν

170 2200 219 2253 tus
237 2192 347 2271 populo
365 2191 510 2269 Romano,
533 2191 642 2252 Varum
660 2194 776 2270 trisque
797 2209 866 2252 cum
885 2210 919 2252 eo
938 2191 1074 2270 legiones
1093 2196 1143 2256 eti

171 2280 290 2340 Caesari
308 2277 508 2358 abstulerunt3
531 2297 586 2340 nec
604 2282 725 2357 impune
745 2279 775 2340 C.
794 2279 904 2340 Marius
927 2282 958 2340 in
976 2279 1075 2362 ltalia,
1096 2282 1153 2343 <ho

130 2393 156 2434 20
170 2365 263 2426 lulius
285 2368 318 2427 in
336 2365 440 2446 Gallia,
458 2366 573 2427 Drusus
596 2385 630 2428 ac
647 2367 725 2428 Nero
744 2375 775 2428 et
793 2368 985 2428 Germanicus
1002 2370 1044 2451 in„
1052 2371 1119 2430 suis
1139 2396 1155 2423 o

170 2454 292 2515 sedibus
318 2454 525 2533 perculerunt:
561 2474 630 2517 mox
655 2458 791 2535 ingentes
809 2455 862 2516 Gai
880 2456 1013 2517 Caesaris
1032 2459 1136 2520 minae
1157 2506 1158 2509 ,

168 2543 332 2604 ludibrium
357 2561 468 2604 versae.
509 2544 578 2604 inde
597 2546 703 2625 otium,
726 2544 820 2604 donec
839 2546 993 2605 occasione
1012 2544 1149 2608 discord'

169 2641 289 2692 nostrae
313 2640 343 2692 et
361 2633 491 2692 civilium
511 2650 660 2693 armorum
679 2633 854 2710 expugnatis
872 2631 1022 2710 legionum
1046 2633 1122 2696 hibe
1145 2662 1149 2687 ι

170 2723 259 2781 ctiam
274 2719 381 2780 Gallias
396 2720 593 2802 adfectavere3
607 2738 641 2782 ac
655 2739 762 2781 rursus
776 2720 845 2780 inde
859 2721 938 2799 pulsi
950 2723 1102 2800 proximis
1133 2744 1163 2775 o

130 2832 156 2874 re
169 2808 294 2888 poribus
309 2808 484 2888 triumphati
497 2812 589 2888 magis
605 2827 692 2888 quam
706 2810 778 2870 victi
792 2816 870 2870 sunt.

240 3033 317 3099 eta
336 3031 409 3086 tacti
424 3031 546 3101 plerique
564 3033 569 3097 Ι
589 3029 645 3084 ioci
664 3031 727 3084 Cet
745 3046 813 3086 coer.
833 3031 862 3086 be
880 3029 937 3084 iusi
954 3030 1025 3096 Bbl
1048 3031 1132 3102 Bm

169 3104 231 3157 ium
248 3105 264 3159 b
281 3104 317 3172 13
336 3103 395 3157 late
408 3104 444 3158 al.
461 3104 466 3171 Ι
481 3108 499 3157 4
513 3099 651 3156 ambitum
663 3100 752 3169 3¹01
769 3109 783 3155 t
799 3101 934 3181 et1ecC,
951 3117 991 3156 an
1003 3101 1129 3160 delendos

171 3180 205 3229 14
232 3174 261 3227 et
288 3174 350 3242 ipso
379 3175 408 3227 ei
435 3172 496 3243 ipse
523 3172 604 3227 Boo
624 3173 629 3241 Ι
655 3178 687 3226 16
715 3170 744 3226 L.
764 3170 861 3226 Cess1o
880 3172 972 3226 Riiter
998 3174 1003 3239 Ι
1029 3172 1151 3229 (irremi-

169 3261 231 3300 nos:
255 3243 350 3298 Marco
370 3259 480 3312 quoque
497 3245 539 3297 cel
556 3242 707 3311 Marcoque
726 3244 792 3298 libri
816 3243 877 3311 (Cn.
898 3257 1008 3310 quoque
1029 3244 1149 3302 Emesa

171 3322 204 3370 17
223 3314 330 3369 Manlio
350 3314 447 3383 (Mario
465 3315 505 3382 Β)
520 3314 645 3383 plerique
674 3320 678 3382 Ι
709 3320 742 3368 18
760 3313 859 3382 populi
876 3312 986 3367 romani
1005 3316 1070 3382 (ro.)
1097 3317 1148 3374 Bb

175 3387 306 3457 ltresque
329 3383 457 3452 legiones
480 3400 543 3437 cum
566 3398 599 3437 eo
615 3384 657 3452 01
675 3389 707 3438 19
731 3383 846 3438 Caesari
868 3384 995 3454 Augusto
1020 3385 1141 3458 Rittcrl

171 3456 431 3527 absperculeruntb
447 3464 451 3523 ι
467 3460 502 3508 24
520 3453 587 3508 inde
606 3453 681 3523 pulsi
698 3453 729 3507 in
741 3454 877 3524 proximis
892 3457 917 3525 b,
935 3453 1012 3525 pulsi
1026 3453 1100 3514 inde
1116 3463 1138 3532 (ι
1155 3482 1156 3485 ’

168 3543 191 3582 e.
210 3530 239 3597 l.)
255 3525 392 3598 proximis
410 3526 438 3580 Β
457 3525 533 3596 (mde
550 3525 664 3597 depulsi
682 3544 708 3596 p.
728 3525 862 3594 Heracus)
