2340 3982
360 191 565 274 xameomn
585 199 697 248 ιι-ιι.
958 193 1024 257 257

10 340 128 400 ceteris
141 339 217 418 iore,
231 338 347 399 lionam
361 338 501 418 insulam,
516 357 535 400 o
555 341 641 400 cuius
653 341 840 417 possessione
853 349 1024 402 revocatum

10 426 174 487 Paulinum
187 426 349 488 rebellione
363 430 455 487 totius
474 426 642 488 Britanniae
657 431 931 509 supramemoravi,
945 428 1023 489 redi·

10 532 89 592 gere
111 517 142 575 in
156 523 333 593 potestatem
352 517 450 575 animo
465 513 601 575 intendit.
634 514 685 575 sed
704 517 787 575 utin
808 513 913 575 subitis
927 519 1023 576 consi·

10 601 67 663 liis
86 621 175 663 naves
194 603 330 663 deerant:
353 605 430 663 ratio
449 611 480 663 et
494 604 658 663 constantia
672 602 757 663 ducis
771 605 941 664 transvexit.
973 604 1022 664 de·
1038 634 1065 674 20

9 691 123 770 positis
137 689 275 752 omnibus
289 692 415 750 sarcinis
428 689 603 750 lectissimos
617 690 818 768 auxiliarium,
833 688 942 769 quibus
955 699 1025 752 nota

10 778 91 838 vada
106 787 136 839 et
149 781 263 857 patrius
272 779 363 839 nandi
376 795 459 859 usus,
473 796 531 856 quo
545 778 634 838 simul
647 796 738 857 seque
753 786 784 838 et
797 796 878 838 arma
892 786 923 839 et
932 797 1025 857 equos

10 873 137 946 regunt,
160 869 201 926 ita
215 870 338 943 repente
352 867 472 946 inmisit,
495 873 529 925 ut
543 866 740 944 obstupefacti
753 866 864 946 hostes,
887 868 939 946 qui
952 867 1025 926 clas-

10 971 92 1032 sem,
107 955 160 1032 qui
173 955 267 1032 naris,
291 955 342 1032 qui
354 970 435 1014 mare
450 952 656 1034 expectabant,
683 953 757 1014 nihil
771 954 897 1014 arduum
916 962 967 1015 aut
980 956 1024 1014 in-

10 1044 133 1101 victum
147 1041 327 1100 crediderint
341 1042 383 1100 sic
397 1040 434 1101 ad
452 1040 771 1102 bellumrenientibus.
790 1043 832 1101 ita
845 1044 938 1120 petita
950 1060 1023 1122 pace
1037 1067 1064 1108 ιι

12 1147 51 1190 ac
74 1127 173 1188 dedita
196 1127 291 1189 insula
310 1127 408 1189 clarus
427 1147 462 1189 ac
480 1147 604 1207 magnus
623 1128 726 1189 haberi
744 1128 893 1210 Agricola,
915 1133 1025 1209 quippe

13 1218 70 1278 cui
83 1215 262 1294 ingredienti
274 1219 471 1297 provinciam,
499 1217 578 1296 quod
592 1223 710 1296 tempus
725 1217 775 1278 alii
788 1235 844 1296 per
856 1220 1026 1278 ostentatio-

14 1322 88 1366 nem
107 1312 137 1364 et
155 1303 321 1364 officiorum
344 1303 488 1365 ambitum
507 1306 687 1387 transigunt,
714 1305 797 1366 labor
816 1313 847 1366 et
860 1305 1027 1384 periculum

15 1392 189 1472 placuisset
231 1409 286 1452 nec
313 1392 448 1471 Agricola
471 1395 667 1472 prosperitate
689 1412 792 1456 rerum
813 1395 846 1454 in
868 1396 1027 1455 vanitatem

14 1497 103 1560 usus,
121 1479 339 1557 expeditionem
353 1487 404 1540 aut
417 1483 570 1541 victoriam
583 1481 706 1542 vocabat
719 1485 812 1544 victos
826 1485 1027 1563 continuisse3
1040 1507 1067 1548 oo

14 1586 57 1630 ne
76 1566 215 1628 laureatis
235 1567 354 1646 quidem
372 1577 454 1647 gesta
473 1578 649 1646 prosecutus
663 1578 722 1649 est,
745 1571 797 1631 sed
812 1572 876 1648 ipsa
890 1570 1027 1630 dissimu-

15 1655 129 1717 latione
150 1655 243 1716 lamae
262 1656 368 1716 lamam
387 1658 477 1736 auxit,
500 1657 724 1717 aestimantibus
744 1666 852 1736 quanta
866 1658 960 1720 futuri
973 1676 1026 1736 spe

15 1752 81 1805 tam
93 1761 199 1822 magna
208 1745 358 1804 tacuisset.

90 1829 140 1892 19.
168 1831 306 1892 Ceterum
331 1833 498 1891 animorum
520 1832 688 1908 provinciae
711 1830 852 1911 prudens,
879 1831 1027 1910 simulque

16 1920 128 1983 doctus
145 1936 200 1997 per
218 1919 312 1980 aliena
330 1921 532 1997 experimenta
549 1936 654 1996 parum
668 1919 773 1996 profici
787 1919 888 1996 armis,
912 1920 939 1977 si
951 1919 1028 1978 iniu-

15 2010 84 2071 riae
108 2014 317 2087 sequerentur,
345 2025 449 2066 causas
476 2006 621 2067 bellorum
649 2007 752 2066 statuit
774 2005 919 2066 excidere.
956 2024 1028 2065 ase

18 2097 145 2176 surisque
163 2113 250 2156 orsus
269 2097 399 2173 primurn
418 2093 537 2155 domum
559 2096 808 2175 suam'coirouit,
831 2093 910 2172 quod
924 2092 1028 2171 pleris-

19 2202 82 2264 que
100 2183 178 2243 haud
196 2185 295 2243 minus
314 2183 440 2243 arduum
454 2191 500 2242 est
514 2201 602 2261 quam
615 2184 796 2260 provinciam
809 2199 922 2260 regere.
954 2181 1028 2241 nihil
1042 2206 1055 2247 ι

18 2290 78 2352 per
97 2271 221 2332 libertos
235 2289 395 2350 servosque
409 2269 545 2349 publicae
559 2273 617 2349 rei,
635 2289 695 2331 nou
710 2271 816 2331 studiis
830 2271 952 2348 privatis
972 2288 1028 2330 nec

21 2377 60 2420 ex
74 2359 328 2420 commendatione
342 2366 394 2418 aut
406 2357 546 2437 precibus
556 2361 761 2419 centurionem
770 2358 915 2419 militesve
925 2360 1029 2438 ascire,

22 2446 76 2508 sed
90 2449 235 2526 optimum
250 2464 398 2526 quemque
417 2446 593 2506 fidissimum
611 2454 724 2524 putare.
748 2447 846 2506 omnia
864 2447 950 2526 scire,
968 2463 1029 2505 non

10 2537 121 2599 omnia
140 2537 271 2613 exsequi.
294 2535 393 2612 parvis
411 2535 541 2612 peccatis
559 2535 687 2612 veniam,
709 2535 824 2610 magnis
842 2535 1028 2592 severitatem

10 2622 226 2702 peommodare3
253 2640 309 2682 uec
335 2640 431 2700 poena
458 2639 589 2702 semper,
621 2620 672 2681 sed
705 2622 823 2697 saepius
849 2621 1029 2698 paenitentia
1043 2644 1070 2685 xo

27 2717 184 2772 contentus
203 2727 284 2790 esse3
298 2710 405 2770 officiis
419 2717 449 2769 et
458 2709 761 2769 administrationibus
775 2709 874 2786 potius
887 2725 947 2768 non
960 2725 1029 2787 pec·

29 2807 144 2860 mauros
166 2815 362 2878 praeponere,
386 2815 473 2877 quam
497 2796 635 2857 damnare
659 2815 727 2857 oum
751 2804 933 2875 peccassent.
970 2797 1030 2857 iru-

29 2889 117 2951 nond
127 2894 159 2948 et
164 2885 346 2946 tributorum
356 2887 539 2945 exactionem
547 2883 723 2965 aequalitate
736 2903 894 2945 munerum
907 2884 1031 2963 mollire,

96 3020 147 3088 18,
164 3027 196 3075 tr
221 3036 241 3074 a
262 3020 327 3076 add.
344 3020 495 3088 Bipootiui
522 3022 527 3086 Ι
558 3025 590 3073 19
610 3017 711 3072 subitis
728 3017 773 3072 Jo.
791 3018 843 3072 Fr.
864 3017 1070 3072 Grmweiusz·

24 3090 119 3148 dubiis
134 3093 191 3160 120
208 3092 328 3144 brannex
344 3092 385 3157 A,
402 3092 515 3143 manare
533 3092 612 3144 extra
629 3090 657 3142 B
673 3092 677 3158 Ι
693 3093 726 3142 21
746 3086 848 3155 quibus
867 3087 947 3139 auela
966 3087 1031 3141 Gor·

10 3165 141 3220 aetium
156 3163 161 3232 Ι
177 3167 211 3217 22
229 3160 310 3231 priua
328 3163 369 3214 A.
386 3160 463 3229 priua
482 3162 510 3214 B
528 3158 667 3230 (proprius
691 3157 792 3226 Wecoll
813 3162 847 3210 25
865 3154 959 3235 potita
976 3156 1029 3229 ΒΙ

21 3237 58 3290 10
75 3233 159 3305 uem]
173 3231 470 3299 versuaGomelisaeul
486 3235 614 3285 31neA.
607 3227 736 3308 ·necBl
752 3158 845 3290 lua
837 3224 970 3293 mouriae,
984 3243 1031 3280 ern.

18 3300 199 3363 Putwlaono
243 3300 425 3356 eexeindere
442 3303 632 3422 ιιῖιίιι84ῑ14ωσι
612 3297 732 3367 primam
731 3228 777 3349 'A
793 3298 797 3363 Ι
814 3301 830 3349 6
842 3294 965 3375 liberos,
984 3313 1031 3350 em.

16 3371 195 3433 Paucum
248 3371 422 3426 imilibesve
440 3385 529 3424 esame
650 3365 755 3418 milites
773 3363 910 3435 nescire!
936 3337 969 3419 ιό
988 3381 1033 3418 ao·

15 3443 204 3503 oommodero
223 3443 314 3499 Ritcer
338 3446 343 3513 l
368 3448 401 3496 13
420 3439 580 3494 auctionem
596 3439 634 3505 A,
651 3437 698 3490 aed
715 3450 784 3491 corr.
803 3436 835 3488 in
851 3451 938 3507 maru.
961 3434 999 3505 Ι”
990 3451 1033 3490 m·

12 3479 637 3588 noquauuu‚em.1³uaeotonoc(oequitete
657 3506 795 3575 Mnuua)

74 3610 313 3656 ιιοιιιιιιιειι
854 3599 893 3647 x't
