2378 3982
267 183 362 239 DIAI..
381 183 429 239 DE
449 183 678 241 ORATORIBUS
697 190 802 240 ee-ao
979 186 1044 252 303

51 333 280 414 riimbuuntur3
296 351 352 394 nec
371 335 527 412 quisquam
541 335 573 394 in
587 340 648 394 tota
662 333 748 394 domo
762 335 848 412 pensi
861 332 959 415 habet,
973 335 1071 413 qrddu

51 440 137 484 oram
155 421 268 482 iniante
287 421 406 481 domino
425 428 477 483 aut
495 421 574 482 dicat
591 428 643 482 aut
663 421 757 482 iaciat
793 424 968 501 quinetiam
987 424 1045 501 ipsi

51 516 177 572 arentes
195 528 254 570 non
273 508 413 588 probitati
432 527 528 588 neque
546 509 708 571 modestiae
725 509 864 590 parvulos
883 510 1044 572 adsuefaci·
1111 518 1119 531 '

51 608 98 680 nt,
117 598 170 658 sed
188 595 325 658 lasciviae
344 604 375 658 et
390 597 547 678 dicacitati,
565 615 620 676 per
639 616 714 677 quae
732 597 873 676 paulatim
890 598 1044 676 impuden-

51 690 76 748 ia
94 688 207 765 inrepit
225 692 256 746 et
273 687 321 746 sui
339 685 485 765 alienique
500 693 695 764 contemptus.
722 688 781 748 iam
795 705 865 747 vero
879 687 1001 765 propria
1014 694 1045 747 et

51 775 196 836 recubaria
218 772 307 835 huius
330 772 415 835 urbis
437 775 507 834 vitia
529 791 622 852 paene
645 776 676 835 in
702 782 787 836 utero
805 776 910 835 matris
927 775 1045 852 concipi
1058 799 1085 840 ιο
1135 825 1139 834 .

51 864 109 925 nihi
122 863 275 942 videntur,
292 860 473 923 histrionalis
493 861 574 923 iavor
588 869 619 923 ct
632 861 826 941 gladiatorum
840 880 1044 942 equorumque

51 952 148 1013 tudio:
166 949 275 1030 quibus
289 958 451 1028 occupatus
465 956 496 1010 et
509 949 649 1011 obsessus
663 953 779 1012 animus
796 950 972 1031 quantulum
985 949 1045 1012 loci

51 1042 122 1101 tonis
137 1038 250 1099 artibus
264 1035 427 1118 relinquit?
445 1045 568 1117 quotum
587 1056 734 1117 quemque
752 1041 885 1100 invenies
899 1041 951 1119 qui
964 1039 1045 1101 domi

51 1129 196 1208 quicquam
215 1126 293 1187 aliud
311 1126 470 1205 loquatur?
494 1144 568 1205 quos
586 1125 659 1186 alios
678 1126 967 1188 adulescentulorum
983 1145 1044 1197 ser·

51 1233 140 1276 nones
154 1216 326 1294 excipimus,
345 1216 372 1275 si
390 1214 507 1293 quando
526 1214 672 1275 auditoria
689 1212 886 1276 intravimus?
907 1233 946 1276 nc
959 1233 1043 1295 prae·
1058 1237 1083 1279 re

51 1311 174 1382 ceptores
192 1302 313 1382 quidem
328 1301 402 1363 ullas
417 1301 585 1363 crebriores
602 1320 671 1364 cum
684 1303 870 1364 auditoribus
885 1304 947 1364 suis
962 1302 1043 1364 iabu-

51 1409 83 1452 as
99 1390 222 1472 babent3
246 1389 390 1468 colligunt
411 1392 491 1451 enim
509 1390 671 1469 discipulos
693 1396 756 1452 non
777 1392 933 1452 severitate
956 1391 1044 1452 disci-

51 1479 135 1557 tinae
151 1497 207 1540 nec
225 1480 337 1557 ingenii
351 1481 568 1559 experimento,
587 1480 639 1540 sed
654 1479 814 1542 ambitione
832 1479 1044 1541 salutationum

51 1576 69 1628 et
81 1565 240 1631 inlecebris
253 1566 438 1627 adulationis.

103 1652 155 1718 30.
173 1654 304 1715 Transeo
326 1656 423 1733 prima
445 1654 623 1715 discentium
645 1655 804 1737 elementa,
827 1659 857 1716 in
882 1656 990 1736 quibus
1014 1665 1044 1718 et

51 1744 109 1821 ipsis
130 1761 236 1822 parum
254 1742 418 1803 laboratur:
440 1760 496 1803 nec
515 1744 547 1802 in
565 1742 737 1803 auctoribus
756 1745 969 1822 cognoscendis
988 1763 1044 1806 nec

51 1831 69 1892 'n
87 1831 247 1892 evolvenda
265 1832 441 1909 antiquitate
459 1848 515 1892 nec
533 1831 565 1890 in
583 1831 687 1891 notitia
702 1829 748 1891 vel
765 1848 867 1891 rernm
886 1831 932 1891 vel
950 1831 1044 1893 homi·

51 1935 108 1980 rum
127 1919 174 1980 vel
187 1925 354 1998 temporum
373 1920 445 1979 satis
463 1936 569 1998 operae
587 1919 756 1979 insumitur.
792 1919 844 1979 sed
864 1925 1044 1997 expetuntur
1141 1962 1144 1967 -

51 2022 112 2084 {nos
130 2007 266 2067 rhetoras
284 2012 403 2086 vocant;
422 2024 549 2085 quorum
566 2006 711 2084 proiessio
731 2007 847 2084 quando
866 2008 996 2092 primum
1012 2009 1070 2068 ine

51 2110 113 2157 tanc
126 2094 233 2156 urbem
246 2094 416 2155 introducta
430 2096 469 2155 sit
483 2112 630 2174 quamque
645 2093 755 2155 nullam
769 2094 846 2173 apud
855 2096 982 2155 maiores
993 2114 1043 2156 no·

51 2192 115 2245 tros
133 2185 340 2244 auctoritatem
358 2181 510 2265 habuerit,
533 2184 633 2244 statim
651 2182 787 2244 dicturus
809 2185 898 2260 prins
916 2182 1044 2244 reieram

51 2269 160 2333 necesse
180 2277 227 2332 est
243 2273 374 2332 animum
393 2271 429 2331 ad
448 2288 512 2331 eam
531 2270 730 2351 disciplinam,
749 2288 806 2349 qua
826 2289 897 2332 usos
912 2289 977 2332 esse
992 2290 1043 2332 eos

51 2368 170 2422 ratores
189 2361 369 2440 accepimns,
389 2376 516 2437 quorum
534 2359 667 2419 infinitus
681 2358 765 2419 labor
779 2365 809 2419 et
823 2359 969 2420 cotidiana
982 2378 1043 2421 mc·

51 2449 139 2510 litatio
159 2449 238 2508 etin
257 2449 337 2507 omni
355 2465 464 2525 genere
484 2447 651 2507 studiorum
666 2447 802 2506 assiduae
816 2450 1044 2510 exercitationes
1058 2469 1083 2508 ιο

51 2554 170 2640 psorum
184 2537 273 2596 etiam
288 2536 477 2595 continentur
490 2533 583 2595 libris
594 2540 682 2594 notus
697 2540 743 2594 est
756 2532 839 2594 vobis
849 2536 952 2613 utique
963 2535 1044 2596 Cice-

51 2626 118 2685 onis
137 2623 226 2704 liber,
249 2625 301 2703 qui
318 2623 430 2683 Brutus
448 2622 663 2702 inscribitur,
654 2639 686 2681 ιιι
705 2622 791 2683 cuius
810 2628 941 2682 extrema
959 2630 1044 2719 parte

50 2731 120 2772 nam
138 2714 221 2790 prior
235 2712 544 2773 commemorationem
557 2716 691 2770 veterum
705 2716 857 2771 oratorum
870 2696 1016 2794 habet)
990 2729 1044 2771 sua

51 2802 129 2881 nitia,
143 2817 212 2861 suos
227 2799 344 2880 gradus,
358 2817 429 2860 suae
443 2798 627 2878 eloquentiae
640 2798 721 2859 velut
735 2799 881 2877 quandam
895 2799 1044 2860 educatio-

51 2907 105 2949 rcm
118 2888 224 2949 reiert:
239 2905 271 2949 sc
285 2888 363 2966 apud
378 2887 411 2958 Q.
421 2886 574 2948 Mucium
565 2904 613 2947 rus
627 2886 712 2948 civile
726 2887 875 2968 didicisse,
889 2887 967 2966 apud
976 2888 1043 2948 Phi·
1057 2907 1082 2948 ιι

51 3094 176 3149 erbonem
207 3094 237 3147 et
267 3092 350 3146 rudes
381 3092 463 3171 facete
494 3095 610 3171 apparet
637 3090 751 3160 (virides
780 3088 877 3170 statim
904 3090 934 3143 et
960 3089 1043 3144 rudes

51 3165 141 3231 baut)
171 3165 176 3233 Ι
205 3164 251 3229 29,
266 3169 357 3217 'inon
374 3160 512 3230 probitati
529 3161 657 3216 Bdbrena
674 3166 699 3215 et
720 3159 836 3214 Vahlen.
867 3158 1045 3227 improbitati

51 3235 77 3287 3²
95 3240 121 3289 et
139 3235 186 3301 al,
208 3249 260 3287 neo
278 3231 416 3301 probitati
436 3231 510 3298 ΜΝ,
533 3243 585 3285 neo
603 3228 780 3299 improbitati
799 3229 867 3284 0F¹
882 3234 886 3297 Ι
903 3235 919 3283 8
937 3229 1044 3283 bibaci-

51 3303 89 3358 nti
105 3306 110 3372 Ι
129 3310 161 3358 13
179 3302 348 3371 relinquitur
367 3303 424 3358 OF
437 3304 441 3368 Ι
457 3300 655 3356 inuenirest
671 3301 676 3369 Ι
693 3306 725 3354 15
745 3299 792 3370 ne]
812 3315 864 3353 neo
879 3300 884 3368 1
900 3299 945 3367 80,
961 3306 1044 3354 tuo·

51 3374 108 3428 atis
126 3375 175 3429 Bb
196 3380 260 3428 Im.
317 3372 512 3430 tintrodnota
482 3371 581 3451 test,
601 3386 685 3438 quam
703 3371 810 3423 nullam
833 3370 931 3425 Usener
968 3369 1044 3426 ndi-

50 3447 131 3499 turus
149 3445 192 3501 Jo.
209 3444 260 3499 Fr.
315 3447 439 3500 onorius:
459 3443 494 3496 de
513 3439 597 3495 curiis
615 3441 791 3522 (decursurus
815 3441 929 3511 Vahlen)
966 3439 1045 3510 prius

51 3518 101 3573 dd
120 3517 268 3574 cadmios
283 3517 288 3585 Ι
305 3522 337 3569 11
356 3514 437 3571 vobis
449 3515 618 3570 Rhenanus:
637 3511 719 3567 nobis
735 3513 740 3583 Ι
758 3516 789 3567 15
808 3511 911 3565 referre
