2378 3982
151 205 217 269 272
500 200 805 257 connnnnrncru

151 352 238 412 Asiae
251 352 418 430 sortiretur,
441 359 471 410 et
484 351 583 410 occiso
598 349 696 410 Civica
709 366 805 426 nuper
819 367 875 409 nec
892 348 1052 427 Agricolae
1066 351 1154 411 consi·

151 440 225 500 lium
247 438 349 499 deerat
371 457 426 499 nec
448 438 614 498 Domitiano
641 437 816 514 exemplum.
858 454 1013 498 accessere
1042 438 1153 517 quidam

153 529 363 606 cogitationum
380 527 525 606 principis
542 527 645 605 periti,
678 526 729 603 qui
747 527 884 585 iturusne
903 533 982 586 esset
996 527 1031 585 in
1045 527 1153 604 provin

125 639 139 680 s
154 617 228 676 ciam
242 615 321 676 ultro
331 613 497 692 Agricolam
506 615 733 691 interrogarent.
756 630 790 672 ac
804 614 901 690 primo
915 612 1067 674 occultius
1081 615 1153 693 quie

153 712 213 764 tem
227 711 257 763 et
271 704 364 763 otium
378 701 513 781 laudare,
535 719 603 761 mox
622 718 742 779 operam
760 718 844 760 suam
862 703 894 761 in
909 699 1101 779 adprobanda
1113 718 1153 762 ex·

153 792 305 852 cusatione
320 790 440 871 ollerre,
453 797 604 868 postremo
619 805 678 848 non
692 789 750 847 iam
764 788 886 849 obscuri
900 789 1061 850 suadentes
1076 786 1151 851 simd

153 886 361 961 terrentesque
384 885 556 956 pertraxere
575 875 611 936 ad
630 875 836 936 Domitianum.
861 878 913 954 qui
930 885 1055 956 paratus
1074 879 1151 939 simu·

153 966 275 1047 latione,
300 969 331 1027 in
350 966 551 1044 adrogantiam
569 965 763 1042 compositus,
787 972 818 1024 et
836 964 929 1024 audiit
947 983 1056 1043 preces
1076 980 1150 1026 exon·

114 1079 141 1119 ro
156 1057 247 1114 santis
261 1062 300 1135 et,
315 1073 382 1115 cum
397 1054 557 1134 adnuisset,
576 1055 623 1131 agi
637 1052 694 1111 sibi
707 1051 817 1129 gratias
830 1070 937 1131 passus
951 1061 1006 1134 est,
1026 1072 1083 1115 nec
1096 1068 1149 1114 err
1173 1070 1176 1091 ¹

154 1142 220 1203 buit
238 1142 374 1203 beneficii
391 1143 508 1202 invidia.
542 1140 680 1201 salarium
697 1145 796 1199 tamen
814 1141 1029 1218 proconsulare
1043 1141 1099 1202 soli
1117 1165 1145 1193 oo
1164 1129 1182 1227 sl

155 1232 256 1290 ollerri
275 1239 305 1290 et
325 1230 501 1308 quibusdam
520 1247 537 1288 a
557 1247 588 1288 se
603 1231 668 1306 ipso
683 1244 858 1289 concessum
871 1228 1026 1306 Agricolae
1039 1247 1099 1289 non
1116 1255 1132 1282 o
1166 1234 1182 1272 ‘¹¹

156 1319 208 1399 dit,
231 1321 292 1378 sive
306 1318 437 1377 offensus
451 1334 510 1376 non
524 1317 658 1394 petitum,
683 1316 744 1375 sive
760 1333 796 1375 ex
815 1318 1007 1398 conscientia,
1026 1335 1064 1377 ne
1083 1335 1130 1396 qur

155 1414 289 1467 vetuerat
298 1406 450 1464 rideretur
459 1405 574 1463 emisse.
593 1405 747 1481 proprium
757 1403 878 1476 humani
887 1406 1000 1482 ingenii
1009 1412 1056 1466 est
1065 1404 1118 1466 od’
1165 1479 1169 1488 Ι

117 1517 143 1558 re
157 1512 245 1573 quem
259 1493 396 1553 laeseris:
420 1491 579 1551 Domitiani
597 1509 666 1551 vero
686 1500 791 1551 natura
809 1509 952 1571 praeceps
970 1495 1004 1553 in
1022 1495 1107 1574 iram,
1127 1531 1130 1535 «
1165 1500 1166 1525 ¹

158 1600 216 1659 quo
231 1580 401 1659 obscurior,
428 1597 463 1638 eo
486 1579 725 1660 inrevocabilior,
750 1579 952 1641 moderatione
975 1589 1109 1660 tamenp
1164 1587 1183 1614 ·

156 1668 314 1746 dentiaque
328 1666 480 1746 Agricolae
498 1666 673 1748 leniebatur,
697 1669 765 1746 quia
785 1685 843 1727 non
863 1671 1048 1730 contumacia
1066 1687 1125 1730 ·ne=
1144 1671 1146 1708 ῑ
1166 1651 1183 1709 '

156 1758 237 1817 inani
250 1758 407 1816 iactatione
421 1755 567 1816 libertatis
581 1756 686 1816 lamam
697 1755 848 1833 fatumque
857 1756 1046 1834 provocabat.
1061 1759 1143 1835 sciant

157 1845 266 1923 quibus
279 1846 371 1904 moris
385 1851 432 1904 est
444 1843 557 1903 inlicita
571 1845 686 1923 mirari,
704 1861 791 1920 posse
811 1845 900 1903 etiam
914 1844 970 1905 sub
984 1844 1071 1905 malis
1083 1844 1143 1924 prin·
1170 1854 1177 1877 *¹

116 1957 143 1996 ro
157 1933 273 2011 cipibus
287 1950 408 2011 magnos
422 1933 501 1991 viros
515 1948 589 2011 esse,
621 1930 856 2010 obsequiumque
876 1950 912 1993 ac
929 1933 1116 2013 modestiam,
1144 1959 1152 1974 Α
1173 1940 1180 1960 “’

156 2021 302 2082 industria
321 2039 355 2080 ac
375 2022 456 2098 vigor
470 2018 580 2096 adsint,
599 2037 633 2078 eo
647 2018 743 2079 laudis
757 2019 931 2100 escendere,
950 2038 1010 2100 quo
1028 2020 1152 2099 pleriqet·

156 2127 210 2188 per
233 2109 371 2187 abrupta,
395 2106 447 2167 sed
469 2108 501 2165 in
525 2105 639 2165 nullum
658 2109 703 2166 rei
723 2105 862 2185 publicae
885 2125 987 2189 usum,
1010 2102 1150 2169 ambitiosi·
1181 2138 1183 2144 2

157 2204 253 2258 morte
266 2196 479 2256 inclaruerunt.

223 2281 275 2343 43.
300 2282 383 2341 Finis
405 2283 480 2341 vitae
500 2282 565 2340 eius
588 2280 674 2341 nobis
692 2280 861 2363 luctuosuS,
880 2285 983 2344 amicis
996 2285 1102 2363 tristis,
1113 2296 1148 2342 er

157 2371 269 2431 traneis
288 2372 377 2430 etiam
396 2370 563 2447 ignotisque
582 2387 642 2429 non
661 2372 725 2430 sine
744 2389 815 2430 cura
834 2371 897 2431 fuit.
921 2370 1028 2450 vulgus
1048 2389 1117 2452 quo
1149 2401 1155 2418 ι

158 2467 189 2518 et
208 2458 257 2519 hic
275 2457 355 2518 aliud
372 2475 461 2536 agens
480 2456 606 2535 populus
626 2465 656 2517 et
673 2460 853 2519 ventitavere
872 2458 909 2519 ad
923 2458 1046 2519 domum
1064 2468 1095 2520 et
1118 2473 1154 2509 ιθ

158 2547 222 2608 lora
236 2556 266 2607 et
280 2545 408 2607 circulos
421 2545 514 2606 locuti
528 2552 611 2625 sunt,
625 2563 681 2606 nec
696 2547 852 2624 quisquam
867 2546 967 2606 audita
977 2555 1076 2608 morte
1092 2580 1094 2583 -
1112 2573 1126 2617 μ

131 2657 145 2698 e
159 2634 239 2695 colae
258 2643 309 2694 aut
322 2633 447 2694 laetatus
466 2640 511 2693 est
526 2642 576 2693 aut
591 2635 689 2694 statim
704 2633 821 2693 oblitus.
858 2633 984 2712 augebat
1002 2635 1154 2696 miseratio·

159 2740 226 2782 nem
241 2730 380 2781 constans
399 2739 502 2781 rumor
519 2738 632 2781 veneno
650 2723 863 2800 interceptum:
891 2721 977 2782 nobis
995 2722 1073 2783 nihil
1089 2736 1155 2784 com·

158 2812 246 2889 perti,
269 2809 424 2868 adfirmare
438 2815 473 2868 ut
485 2810 588 2868 ausim.
620 2817 753 2869 ceterum
767 2828 822 2887 per
836 2809 953 2870 omnem
967 2808 1156 2872 valetudinem

159 2909 189 2962 et
206 2906 345 2976 Aphricae
362 2908 404 2973 B,
429 2905 477 2960 As.
497 2909 547 2961 eut
564 2907 620 2976 (vel
637 2908 808 2978 Nipperdey)
826 2908 939 2963 Africae
957 2908 1092 2992 Lipsius,
1116 2906 1157 2966 dcl

162 2979 269 3034 Urlichs
284 2981 289 3049 Ι
304 2977 381 3046 41‚c
400 2977 500 3032 aderat
516 2979 545 3032 B
565 2983 570 3047 Ι
591 2985 606 3033 7
625 2977 683 3031 iam
700 2978 865 3033 Rlaeaunec:
883 2981 967 3049 tam!
991 2979 1061 3035 ein
1077 2976 1164 3051 rodel-j

159 3050 284 3119 gentiam
303 3047 470 3104 Oormliosea
494 3049 499 3117 Ι
525 3054 556 3101 11
575 3048 772 3116 proconsulare
790 3049 950 3104 Blettcn'uo:
974 3065 1075 3120 proco
1088 3077 1108 3097 2»
1147 3042 1168 3095 ἰ

160 3117 332 3190 (proconsuli
350 3117 492 3173 consulari
511 3120 663 3174 Mommsen
681 3118 717 3173 R.
737 3119 854 3174 Staatcr.
873 3120 970 3184 Ister
988 3122 1031 3176 cd.
1049 3124 1081 3192 2)
1105 3122 1111 3191 Ι
1131 3122 1159 3176 n

158 3190 308 3244 escendere
331 3189 457 3259 Lepsios:
490 3188 623 3242 excedere
649 3189 792 3259 (accedere
821 3189 859 3244 H.
878 3189 988 3261 Schultz)
1017 3194 1023 3263 Ι
1054 3198 1089 3247 22
1168 3252 1172 3267 Ι

160 3260 232 3314 enisi
249 3260 376 3314 Heraeoc
395 3263 400 3328 Ι
420 3259 451 3312 in
469 3258 579 3312 nullum
598 3257 684 3328 reip.
705 3261 846 3315 Moretur:
865 3261 896 3314 in
913 3259 1003 3314 ullum
1022 3261 1066 3317 rei
1083 3260 1145 3332 poet
1178 3265 1179 3268 ’

158 3348 241 3385 nsum
259 3327 331 3384 enisi
349 3329 504 3384 Scbdmunn
528 3330 533 3398 Ι
557 3329 603 3395 48,
618 3335 635 3383 4
654 3331 684 3383 et
700 3345 751 3399 per
769 3329 833 3385 circ.
851 3331 880 3384 B
906 3331 911 3399 Ι
941 3336 958 3385 b
976 3331 1105 3387 laetatus

159 3418 253 3457 censor
272 3402 398 3454 Ieoeosc'o
416 3417 441 3454 a.
462 3404 549 3467 1816,
569 3401 645 3469 1271
661 3399 765 3454 oblitus
786 3402 929 3456 Merctor:
948 3401 1057 3458 oblitus
1075 3396 1176 3473 estll‘

159 3471 235 3539 qnod
259 3470 315 3525 adf.
340 3471 498 3526 Acidalieoz
527 3469 637 3538 quodve
661 3472 712 3539 (vel
734 3472 784 3525 aut
806 3470 892 3541 quod)
915 3471 972 3527 adf.
991 3472 1095 3544 Rittcr,
1118 3484 1163 3528 nst

157 3540 216 3594 adl,
235 3540 359 3608 Ernesti,
377 3542 410 3594 ut
428 3541 491 3595 add.
515 3540 585 3597 Wec
603 3545 667 3596 aute
684 3539 739 3596 adl.
