<?xml version="1.0" encoding="UTF-8"?>
<!DOCTYPE html PUBLIC "-//W3C//DTD XHTML 1.0 Transitional//EN"
    "http://www.w3.org/TR/xhtml1/DTD/xhtml1-transitional.dtd">
<html xmlns="http://www.w3.org/1999/xhtml" xml:lang="en" lang="en">
 <head>
  <title>
</title>
<meta http-equiv="Content-Type" content="text/html;charset=utf-8" />
  <meta name='ocr-system' content='tesseract 3.04.00' />
  <meta name='ocr-capabilities' content='ocr_page ocr_carea ocr_par ocr_line ocrx_word'/>
</head>
<body>
  <div class='ocr_page' id='page_1' title='image "./libriquisupersu01tacigoog_0057.png"; bbox 0 0 2378 3982; ppageno 0'>
   <div class='ocr_carea' id='block_1_1' title="bbox 144 203 803 273">
    <p class='ocr_par' dir='ltr' id='par_1_1' title="bbox 144 203 803 273">
     <span class='ocr_line' id='line_1_1' title="bbox 144 203 803 273; baseline -0.006 -11"><span class='ocrx_word' id='word_1_1' title='bbox 144 208 209 273; x_wconf 80' lang='grc'>268</span> <span class='ocrx_word' id='word_1_2' title='bbox 494 205 664 261; x_wconf 77' lang='lat' dir='ltr'>CORNELII</span> <span class='ocrx_word' id='word_1_3' title='bbox 681 203 803 260; x_wconf 77' lang='grc' dir='ltr'><strong>ΤΑΟΙἸῚ</strong></span> 
     </span>
    </p>
   </div>
   <div class='ocr_carea' id='block_1_2' title="bbox 105 351 1189 2558">
    <p class='ocr_par' dir='ltr' id='par_1_2' title="bbox 105 351 1189 2558">
     <span class='ocr_line' id='line_1_2' title="bbox 145 351 1188 433; baseline -0.001 -17"><span class='ocrx_word' id='word_1_4' title='bbox 145 373 202 433; x_wconf 90' lang='lat' dir='ltr'>que</span> <span class='ocrx_word' id='word_1_5' title='bbox 216 355 355 417; x_wconf 79' lang='lat' dir='ltr'>caedere:</span> <span class='ocrx_word' id='word_1_6' title='bbox 373 371 407 414; x_wconf 93' lang='lat' dir='ltr'>ac</span> <span class='ocrx_word' id='word_1_7' title='bbox 426 353 563 432; x_wconf 88' lang='lat' dir='ltr'>plerique</span> <span class='ocrx_word' id='word_1_8' title='bbox 581 353 745 412; x_wconf 79' lang='lat' dir='ltr'>semineces</span> <span class='ocrx_word' id='word_1_9' title='bbox 765 360 817 413; x_wconf 93' lang='lat' dir='ltr'>aut</span> <span class='ocrx_word' id='word_1_10' title='bbox 834 352 945 430; x_wconf 82' lang='lat' dir='ltr'>integri</span> <span class='ocrx_word' id='word_1_11' title='bbox 964 351 1147 415; x_wconf 81' lang='lat' dir='ltr'>festinatione</span> <span class='ocrx_word' id='word_1_12' title='bbox 1178 356 1188 396; x_wconf 81' lang='lat' dir='ltr'>l</span> 
     </span>
     <span class='ocr_line' id='line_1_3' title="bbox 144 440 1188 521; baseline -0.003 -17"><span class='ocrx_word' id='word_1_13' title='bbox 144 445 284 505; x_wconf 86' lang='lat' dir='ltr'>victoriae</span> <span class='ocrx_word' id='word_1_14' title='bbox 298 441 553 520; x_wconf 80' lang='lat' dir='ltr'>relinquebantur.</span> <span class='ocrx_word' id='word_1_15' title='bbox 576 441 696 500; x_wconf 91' lang='lat' dir='ltr'>interim</span> <span class='ocrx_word' id='word_1_16' title='bbox 711 441 845 518; x_wconf 89' lang='lat' dir='ltr'>equitum</span> <span class='ocrx_word' id='word_1_17' title='bbox 859 447 984 520; x_wconf 85' lang='lat' dir='ltr'>turmae,</span> <span class='ocrx_word' id='word_1_18' title='bbox 1004 447 1043 501; x_wconf 80' lang='lat' dir='ltr'>ut</span> <span class='ocrx_word' id='word_1_19' title='bbox 1056 440 1148 521; x_wconf 77' lang='lat' dir='ltr'>lugere</span> <span class='ocrx_word' id='word_1_20' title='bbox 1180 447 1188 486; x_wconf 76' lang='lat' dir='ltr'>l</span> 
     </span>
     <span class='ocr_line' id='line_1_4' title="bbox 105 527 1188 610; baseline -0.004 -15"><span class='ocrx_word' id='word_1_21' title='bbox 105 555 131 596; x_wconf 84' lang='lat' dir='ltr'>rs</span> <span class='ocrx_word' id='word_1_22' title='bbox 145 531 316 610; x_wconf 80' lang='lat' dir='ltr'>covinnarii,</span> <span class='ocrx_word' id='word_1_23' title='bbox 343 530 478 608; x_wconf 87' lang='lat' dir='ltr'>pediturn</span> <span class='ocrx_word' id='word_1_24' title='bbox 497 547 529 588; x_wconf 92' lang='lat' dir='ltr'>se</span> <span class='ocrx_word' id='word_1_25' title='bbox 547 527 660 606; x_wconf 89' lang='lat' dir='ltr'>proelio</span> <span class='ocrx_word' id='word_1_26' title='bbox 674 529 832 589; x_wconf 81' lang='lat' dir='ltr'>miscuere.</span> <span class='ocrx_word' id='word_1_27' title='bbox 866 535 896 588; x_wconf 90' lang='lat' dir='ltr'>et</span> <span class='ocrx_word' id='word_1_28' title='bbox 910 544 1095 608; x_wconf 88' lang='lat' dir='ltr'>quamquam</span> <span class='ocrx_word' id='word_1_29' title='bbox 1109 544 1148 589; x_wconf 85' lang='lat' dir='ltr'>ro·</span> <span class='ocrx_word' id='word_1_30' title='bbox 1180 533 1188 592; x_wconf 89' lang='lat' dir='ltr'>l</span> 
     </span>
     <span class='ocr_line' id='line_1_5' title="bbox 145 614 1188 695; baseline -0.001 -15"><span class='ocrx_word' id='word_1_31' title='bbox 145 626 262 680; x_wconf 80' lang='lat' dir='ltr'>centem</span> <span class='ocrx_word' id='word_1_32' title='bbox 275 625 423 678; x_wconf 91' lang='lat' dir='ltr'>terrorem</span> <span class='ocrx_word' id='word_1_33' title='bbox 436 616 607 695; x_wconf 75' lang='lat' dir='ltr'>intulerant,</span> <span class='ocrx_word' id='word_1_34' title='bbox 622 616 722 676; x_wconf 90' lang='lat' dir='ltr'>densis</span> <span class='ocrx_word' id='word_1_35' title='bbox 731 624 831 676; x_wconf 90' lang='lat' dir='ltr'>tamen</span> <span class='ocrx_word' id='word_1_36' title='bbox 840 614 972 676; x_wconf 88' lang='lat' dir='ltr'>bostium</span> <span class='ocrx_word' id='word_1_37' title='bbox 985 614 1149 695; x_wconf 77' lang='lat' dir='ltr'>agminibus</span> <span class='ocrx_word' id='word_1_38' title='bbox 1180 615 1188 662; x_wconf 84' lang='lat' dir='ltr'>t</span> 
     </span>
     <span class='ocr_line' id='line_1_6' title="bbox 145 702 1188 788; baseline 0 -21"><span class='ocrx_word' id='word_1_39' title='bbox 145 715 176 767; x_wconf 93' lang='lat' dir='ltr'>et</span> <span class='ocrx_word' id='word_1_40' title='bbox 197 705 401 784; x_wconf 85' lang='lat' dir='ltr'>inaequalibus</span> <span class='ocrx_word' id='word_1_41' title='bbox 423 704 498 765; x_wconf 90' lang='lat' dir='ltr'>locis</span> <span class='ocrx_word' id='word_1_42' title='bbox 522 702 698 784; x_wconf 88' lang='lat' dir='ltr'>haerebant;</span> <span class='ocrx_word' id='word_1_43' title='bbox 720 704 902 781; x_wconf 89' lang='lat' dir='ltr'>minimeque</span> <span class='ocrx_word' id='word_1_44' title='bbox 925 722 1023 782; x_wconf 89' lang='lat' dir='ltr'>aequa</span> <span class='ocrx_word' id='word_1_45' title='bbox 1046 704 1150 767; x_wconf 61' lang='lat' dir='ltr'>nostri</span> <span class='ocrx_word' id='word_1_46' title='bbox 1181 709 1188 788; x_wconf 77' lang='lat'>¹.</span> 
     </span>
     <span class='ocr_line' id='line_1_7' title="bbox 144 791 1119 873; baseline -0.002 -18"><span class='ocrx_word' id='word_1_47' title='bbox 144 796 201 854; x_wconf 90' lang='lat' dir='ltr'>iam</span> <span class='ocrx_word' id='word_1_48' title='bbox 215 812 332 873; x_wconf 84' lang='lat' dir='ltr'>pugnae</span> <span class='ocrx_word' id='word_1_49' title='bbox 346 793 436 853; x_wconf 83' lang='lat' dir='ltr'>iacies</span> <span class='ocrx_word' id='word_1_50' title='bbox 451 798 523 872; x_wconf 88' lang='lat' dir='ltr'>erat,</span> <span class='ocrx_word' id='word_1_51' title='bbox 537 809 605 852; x_wconf 89' lang='lat' dir='ltr'>cum</span> <span class='ocrx_word' id='word_1_52' title='bbox 619 809 707 870; x_wconf 81' lang='lat' dir='ltr'>aegre</span> <span class='ocrx_word' id='word_1_53' title='bbox 721 791 796 852; x_wconf 87' lang='lat' dir='ltr'>clivo</span> <span class='ocrx_word' id='word_1_54' title='bbox 811 793 955 852; x_wconf 86' lang='lat' dir='ltr'>instantes</span> <span class='ocrx_word' id='word_1_55' title='bbox 965 791 1060 853; x_wconf 90' lang='lat' dir='ltr'>simul</span> <span class='ocrx_word' id='word_1_56' title='bbox 1076 819 1080 826; x_wconf 89' lang='lat'>·</span> <span class='ocrx_word' id='word_1_57' title='bbox 1096 818 1100 845; x_wconf 77' lang='grc' dir='ltr'>ι</span> <span class='ocrx_word' id='word_1_58' title='bbox 1116 818 1119 843; x_wconf 75' lang='lat'>1</span> 
     </span>
     <span class='ocr_line' id='line_1_8' title="bbox 144 879 1148 962; baseline -0.006 -19"><span class='ocrx_word' id='word_1_59' title='bbox 144 901 212 943; x_wconf 92' lang='lat' dir='ltr'>rum</span> <span class='ocrx_word' id='word_1_60' title='bbox 226 880 402 959; x_wconf 89' lang='lat' dir='ltr'>corporibus</span> <span class='ocrx_word' id='word_1_61' title='bbox 416 879 654 960; x_wconf 89' lang='lat' dir='ltr'>impellerentur;</span> <span class='ocrx_word' id='word_1_62' title='bbox 682 896 716 940; x_wconf 90' lang='lat' dir='ltr'>ac</span> <span class='ocrx_word' id='word_1_63' title='bbox 735 896 824 958; x_wconf 86' lang='lat' dir='ltr'>saepe</span> <span class='ocrx_word' id='word_1_64' title='bbox 838 881 905 958; x_wconf 83' lang='lat' dir='ltr'>vagi</span> <span class='ocrx_word' id='word_1_65' title='bbox 918 897 1045 962; x_wconf 86' lang='lat' dir='ltr'>currus,</span> <span class='ocrx_word' id='word_1_66' title='bbox 1062 898 1101 941; x_wconf 84' lang='lat' dir='ltr'>ex</span> <span class='ocrx_word' id='word_1_67' title='bbox 1121 922 1125 931; x_wconf 81' lang='grc'><em>.</em></span> <span class='ocrx_word' id='word_1_68' title='bbox 1145 932 1148 937; x_wconf 94' lang='grc'>.</span> 
     </span>
     <span class='ocr_line' id='line_1_9' title="bbox 105 966 1154 1048; baseline -0.003 -16"><span class='ocrx_word' id='word_1_69' title='bbox 105 972 197 1034; x_wconf 82' lang='lat' dir='ltr'>soriti</span> <span class='ocrx_word' id='word_1_70' title='bbox 211 971 275 1030; x_wconf 89' lang='lat' dir='ltr'>sine</span> <span class='ocrx_word' id='word_1_71' title='bbox 289 968 457 1029; x_wconf 91' lang='lat' dir='ltr'>rectoribus</span> <span class='ocrx_word' id='word_1_72' title='bbox 471 969 553 1048; x_wconf 87' lang='lat' dir='ltr'>equi,</span> <span class='ocrx_word' id='word_1_73' title='bbox 571 975 605 1027; x_wconf 91' lang='lat' dir='ltr'>ut</span> <span class='ocrx_word' id='word_1_74' title='bbox 620 985 768 1047; x_wconf 90' lang='lat' dir='ltr'>quemque</span> <span class='ocrx_word' id='word_1_75' title='bbox 782 967 908 1028; x_wconf 78' lang='lat' dir='ltr'>formido</span> <span class='ocrx_word' id='word_1_76' title='bbox 922 966 1044 1048; x_wconf 86' lang='lat' dir='ltr'>tulerat,</span> <span class='ocrx_word' id='word_1_77' title='bbox 1102 993 1121 1019; x_wconf 66' lang='lat' dir='ltr'>o</span> <span class='ocrx_word' id='word_1_78' title='bbox 1153 1042 1154 1046; x_wconf 7' lang='grc' dir='ltr'><strong>Ἰ</strong></span> 
     </span>
     <span class='ocr_line' id='line_1_10' title="bbox 119 1054 1149 1133; baseline -0.006 -15"><span class='ocrx_word' id='word_1_79' title='bbox 119 1126 123 1133; x_wconf 45' lang='grc'><em>,</em></span> <span class='ocrx_word' id='word_1_80' title='bbox 145 1075 247 1118; x_wconf 86' lang='lat' dir='ltr'>versos</span> <span class='ocrx_word' id='word_1_81' title='bbox 261 1065 313 1118; x_wconf 92' lang='lat' dir='ltr'>aut</span> <span class='ocrx_word' id='word_1_82' title='bbox 326 1056 429 1117; x_wconf 88' lang='lat' dir='ltr'>obvios</span> <span class='ocrx_word' id='word_1_83' title='bbox 443 1054 643 1117; x_wconf 89' lang='lat' dir='ltr'>incursabant.</span> <span class='ocrx_word' id='word_1_84' title='bbox 1143 1086 1149 1121; x_wconf 82' lang='lat' dir='ltr'>r</span> 
     </span>
     <span class='ocr_line' id='line_1_11' title="bbox 211 1142 1186 1225; baseline -0.003 -18"><span class='ocrx_word' id='word_1_85' title='bbox 211 1142 264 1207; x_wconf 76' lang='lat'>37.</span> <span class='ocrx_word' id='word_1_86' title='bbox 286 1144 325 1205; x_wconf 79' lang='lat' dir='ltr'>Et</span> <span class='ocrx_word' id='word_1_87' title='bbox 342 1143 485 1224; x_wconf 79' lang='lat' dir='ltr'>Britanni,</span> <span class='ocrx_word' id='word_1_88' title='bbox 504 1145 556 1222; x_wconf 93' lang='lat' dir='ltr'>qui</span> <span class='ocrx_word' id='word_1_89' title='bbox 573 1142 669 1203; x_wconf 93' lang='lat' dir='ltr'>adhuc</span> <span class='ocrx_word' id='word_1_90' title='bbox 682 1160 799 1221; x_wconf 83' lang='lat' dir='ltr'>pugnae</span> <span class='ocrx_word' id='word_1_91' title='bbox 813 1149 951 1221; x_wconf 81' lang='lat' dir='ltr'>expertes</span> <span class='ocrx_word' id='word_1_92' title='bbox 965 1160 1087 1204; x_wconf 87' lang='lat' dir='ltr'>summa</span> <span class='ocrx_word' id='word_1_93' title='bbox 1138 1204 1144 1225; x_wconf 27' lang='grc' dir='ltr'>Ι,</span> <span class='ocrx_word' id='word_1_94' title='bbox 1185 1165 1186 1168; x_wconf 79' lang='lat'>¹</span> 
     </span>
     <span class='ocr_line' id='line_1_12' title="bbox 144 1226 1185 1310; baseline -0.003 -16"><span class='ocrx_word' id='word_1_95' title='bbox 144 1234 218 1294; x_wconf 91' lang='lat' dir='ltr'>lium</span> <span class='ocrx_word' id='word_1_96' title='bbox 236 1232 407 1293; x_wconf 87' lang='lat' dir='ltr'>insederant</span> <span class='ocrx_word' id='word_1_97' title='bbox 425 1240 455 1292; x_wconf 90' lang='lat' dir='ltr'>et</span> <span class='ocrx_word' id='word_1_98' title='bbox 472 1232 652 1310; x_wconf 91' lang='lat' dir='ltr'>paucitatem</span> <span class='ocrx_word' id='word_1_99' title='bbox 671 1238 844 1291; x_wconf 90' lang='lat' dir='ltr'>nostrorum</span> <span class='ocrx_word' id='word_1_100' title='bbox 861 1232 946 1291; x_wconf 84' lang='lat' dir='ltr'>vacui</span> <span class='ocrx_word' id='word_1_101' title='bbox 964 1248 1107 1309; x_wconf 89' lang='lat' dir='ltr'>sperne</span> <span class='ocrx_word' id='word_1_102' title='bbox 1134 1226 1142 1270; x_wconf 68' lang='grc' dir='ltr'><em>ἵ</em></span> <span class='ocrx_word' id='word_1_103' title='bbox 1176 1238 1185 1279; x_wconf 60' lang='lat'>²³</span> 
     </span>
     <span class='ocr_line' id='line_1_13' title="bbox 145 1319 1188 1400; baseline -0.007 -18"><span class='ocrx_word' id='word_1_104' title='bbox 145 1321 268 1400; x_wconf 84' lang='lat' dir='ltr'>degredi</span> <span class='ocrx_word' id='word_1_105' title='bbox 280 1320 422 1399; x_wconf 92' lang='lat' dir='ltr'>paulatim</span> <span class='ocrx_word' id='word_1_106' title='bbox 436 1327 466 1379; x_wconf 93' lang='lat' dir='ltr'>et</span> <span class='ocrx_word' id='word_1_107' title='bbox 479 1319 638 1378; x_wconf 90' lang='lat' dir='ltr'>circumire</span> <span class='ocrx_word' id='word_1_108' title='bbox 652 1324 736 1396; x_wconf 92' lang='lat' dir='ltr'>terga</span> <span class='ocrx_word' id='word_1_109' title='bbox 749 1320 931 1379; x_wconf 87' lang='lat' dir='ltr'>vincentium</span> <span class='ocrx_word' id='word_1_110' title='bbox 944 1326 1117 1400; x_wconf 79' lang='lat' dir='ltr'>coeperant,</span> <span class='ocrx_word' id='word_1_111' title='bbox 1173 1339 1188 1375; x_wconf 56' lang='lat'>0¹</span> 
     </span>
     <span class='ocr_line' id='line_1_14' title="bbox 145 1404 1132 1488; baseline -0.002 -18"><span class='ocrx_word' id='word_1_112' title='bbox 145 1408 175 1470; x_wconf 89' lang='lat' dir='ltr'>id</span> <span class='ocrx_word' id='word_1_113' title='bbox 194 1412 293 1488; x_wconf 90' lang='lat' dir='ltr'>ipsum</span> <span class='ocrx_word' id='word_1_114' title='bbox 311 1409 424 1468; x_wconf 85' lang='lat' dir='ltr'>veritus</span> <span class='ocrx_word' id='word_1_115' title='bbox 441 1404 578 1484; x_wconf 81' lang='lat' dir='ltr'>Agricola</span> <span class='ocrx_word' id='word_1_116' title='bbox 596 1412 736 1484; x_wconf 90' lang='lat' dir='ltr'>quattuor</span> <span class='ocrx_word' id='word_1_117' title='bbox 759 1408 892 1485; x_wconf 91' lang='lat' dir='ltr'>equitum</span> <span class='ocrx_word' id='word_1_118' title='bbox 907 1406 981 1487; x_wconf 86' lang='lat' dir='ltr'>alas,</span> <span class='ocrx_word' id='word_1_119' title='bbox 1006 1407 1044 1468; x_wconf 90' lang='lat' dir='ltr'>ad</span> <span class='ocrx_word' id='word_1_120' title='bbox 1059 1405 1132 1468; x_wconf 90' lang='lat' dir='ltr'>sub</span> 
     </span>
     <span class='ocr_line' id='line_1_15' title="bbox 118 1490 1188 1575; baseline -0.005 -16"><span class='ocrx_word' id='word_1_121' title='bbox 118 1497 216 1560; x_wconf 78' lang='lat' dir='ltr'>abelli</span> <span class='ocrx_word' id='word_1_122' title='bbox 233 1503 377 1575; x_wconf 84' lang='lat' dir='ltr'>retentas,</span> <span class='ocrx_word' id='word_1_123' title='bbox 400 1492 588 1554; x_wconf 86' lang='lat' dir='ltr'>venientibus</span> <span class='ocrx_word' id='word_1_124' title='bbox 606 1495 807 1574; x_wconf 86' lang='lat' dir='ltr'>opposuisset,</span> <span class='ocrx_word' id='word_1_125' title='bbox 834 1500 1006 1573; x_wconf 91' lang='lat' dir='ltr'>quantoque</span> <span class='ocrx_word' id='word_1_126' title='bbox 1025 1494 1048 1554; x_wconf 61' lang='grc' dir='ltr'>1Δ</span> <span class='ocrx_word' id='word_1_127' title='bbox 1081 1522 1086 1547; x_wconf 73' lang='grc' dir='ltr'>ι</span> <span class='ocrx_word' id='word_1_128' title='bbox 1133 1555 1134 1558; x_wconf 68' lang='grc'>,</span> <span class='ocrx_word' id='word_1_129' title='bbox 1164 1490 1188 1519; x_wconf 77' lang='grc'><em>”</em></span> 
     </span>
     <span class='ocr_line' id='line_1_16' title="bbox 145 1580 1188 1662; baseline 0.001 -18"><span class='ocrx_word' id='word_1_130' title='bbox 145 1584 391 1662; x_wconf 90' lang='lat' dir='ltr'>adcucurrerant‚</span> <span class='ocrx_word' id='word_1_131' title='bbox 415 1589 496 1642; x_wconf 92' lang='lat' dir='ltr'>tanto</span> <span class='ocrx_word' id='word_1_132' title='bbox 515 1583 614 1642; x_wconf 88' lang='lat' dir='ltr'>acrius</span> <span class='ocrx_word' id='word_1_133' title='bbox 632 1581 734 1659; x_wconf 88' lang='lat' dir='ltr'>pulsos</span> <span class='ocrx_word' id='word_1_134' title='bbox 752 1583 783 1641; x_wconf 91' lang='lat' dir='ltr'>in</span> <span class='ocrx_word' id='word_1_135' title='bbox 797 1581 896 1660; x_wconf 83' lang='lat' dir='ltr'>lugam</span> <span class='ocrx_word' id='word_1_136' title='bbox 910 1580 1089 1645; x_wconf 85' lang='lat' dir='ltr'>disiecisset</span> <span class='ocrx_word' id='word_1_137' title='bbox 1121 1608 1122 1611; x_wconf 79' lang='lat'>¹</span> <span class='ocrx_word' id='word_1_138' title='bbox 1166 1591 1188 1628; x_wconf 80' lang='grc'>’</span> 
     </span>
     <span class='ocr_line' id='line_1_17' title="bbox 145 1668 1161 1750; baseline 0 -18"><span class='ocrx_word' id='word_1_139' title='bbox 145 1670 302 1732; x_wconf 89' lang='lat' dir='ltr'>consilium</span> <span class='ocrx_word' id='word_1_140' title='bbox 310 1668 520 1730; x_wconf 88' lang='lat' dir='ltr'>Britannorum</span> <span class='ocrx_word' id='word_1_141' title='bbox 529 1671 560 1729; x_wconf 94' lang='lat' dir='ltr'>in</span> <span class='ocrx_word' id='word_1_142' title='bbox 574 1672 655 1750; x_wconf 90' lang='lat' dir='ltr'>ipsos</span> <span class='ocrx_word' id='word_1_143' title='bbox 668 1687 799 1750; x_wconf 84' lang='lat' dir='ltr'>versum,</span> <span class='ocrx_word' id='word_1_144' title='bbox 812 1677 1059 1750; x_wconf 83' lang='lat' dir='ltr'>transvectaeque</span> <span class='ocrx_word' id='word_1_145' title='bbox 1072 1689 1093 1750; x_wconf 93' lang='lat' dir='ltr'>p</span> <span class='ocrx_word' id='word_1_146' title='bbox 1137 1711 1138 1722; x_wconf 60' lang='lat'>2</span> <span class='ocrx_word' id='word_1_147' title='bbox 1158 1697 1161 1701; x_wconf 51' lang='lat'>&lt;</span> 
     </span>
     <span class='ocr_line' id='line_1_18' title="bbox 146 1748 1188 1838; baseline 0.001 -19"><span class='ocrx_word' id='word_1_148' title='bbox 146 1766 232 1838; x_wconf 93' lang='lat' dir='ltr'>cepto</span> <span class='ocrx_word' id='word_1_149' title='bbox 247 1758 331 1819; x_wconf 87' lang='lat' dir='ltr'>duois</span> <span class='ocrx_word' id='word_1_150' title='bbox 345 1777 362 1818; x_wconf 93' lang='lat' dir='ltr'>a</span> <span class='ocrx_word' id='word_1_151' title='bbox 376 1758 473 1819; x_wconf 87' lang='lat' dir='ltr'>fronte</span> <span class='ocrx_word' id='word_1_152' title='bbox 487 1760 683 1837; x_wconf 91' lang='lat' dir='ltr'>pugnantium</span> <span class='ocrx_word' id='word_1_153' title='bbox 697 1756 758 1817; x_wconf 92' lang='lat' dir='ltr'>alae</span> <span class='ocrx_word' id='word_1_154' title='bbox 768 1775 901 1818; x_wconf 86' lang='lat' dir='ltr'>aversam</span> <span class='ocrx_word' id='word_1_155' title='bbox 914 1757 1050 1820; x_wconf 91' lang='lat' dir='ltr'>hostium</span> <span class='ocrx_word' id='word_1_156' title='bbox 1063 1759 1116 1820; x_wconf 86' lang='lat' dir='ltr'>aci</span> <span class='ocrx_word' id='word_1_157' title='bbox 1137 1786 1140 1830; x_wconf 74' lang='lat'><em>?</em></span> <span class='ocrx_word' id='word_1_158' title='bbox 1171 1748 1188 1787; x_wconf 71' lang='lat'>&#39;⁶</span> 
     </span>
     <span class='ocr_line' id='line_1_19' title="bbox 145 1843 1180 1925; baseline 0 -18"><span class='ocrx_word' id='word_1_159' title='bbox 145 1849 289 1908; x_wconf 87' lang='lat' dir='ltr'>invasere.</span> <span class='ocrx_word' id='word_1_160' title='bbox 320 1854 385 1907; x_wconf 92' lang='lat' dir='ltr'>tum</span> <span class='ocrx_word' id='word_1_161' title='bbox 403 1865 473 1907; x_wconf 83' lang='lat' dir='ltr'>vero</span> <span class='ocrx_word' id='word_1_162' title='bbox 493 1845 664 1924; x_wconf 89' lang='lat' dir='ltr'>patentibus</span> <span class='ocrx_word' id='word_1_163' title='bbox 682 1843 755 1906; x_wconf 92' lang='lat' dir='ltr'>locis</span> <span class='ocrx_word' id='word_1_164' title='bbox 773 1845 884 1923; x_wconf 87' lang='lat' dir='ltr'>grande</span> <span class='ocrx_word' id='word_1_165' title='bbox 899 1853 1027 1906; x_wconf 79' lang='lat' dir='ltr'>statrox</span> <span class='ocrx_word' id='word_1_166' title='bbox 1042 1864 1090 1925; x_wconf 91' lang='lat' dir='ltr'>sp</span> <span class='ocrx_word' id='word_1_167' title='bbox 1103 1872 1120 1898; x_wconf 67' lang='lat' dir='ltr'>e</span> <span class='ocrx_word' id='word_1_168' title='bbox 1160 1850 1188 1882; x_wconf 58' lang='lat' dir='ltr'>l&gt;</span> 
     </span>
     <span class='ocr_line' id='line_1_20' title="bbox 106 1932 1180 2015; baseline -0.017 -15"><span class='ocrx_word' id='word_1_169' title='bbox 106 1960 133 2000; x_wconf 85' lang='lat' dir='ltr'>ro</span> <span class='ocrx_word' id='word_1_170' title='bbox 146 1935 261 1997; x_wconf 90' lang='lat' dir='ltr'>culum:</span> <span class='ocrx_word' id='word_1_171' title='bbox 289 1937 384 2015; x_wconf 83' lang='lat' dir='ltr'>sequi,</span> <span class='ocrx_word' id='word_1_172' title='bbox 402 1934 574 2014; x_wconf 82' lang='lat' dir='ltr'>vulnerare,</span> <span class='ocrx_word' id='word_1_173' title='bbox 593 1951 713 2013; x_wconf 85' lang='lat' dir='ltr'>capere,</span> <span class='ocrx_word' id='word_1_174' title='bbox 732 1940 820 2012; x_wconf 91' lang='lat' dir='ltr'>atque</span> <span class='ocrx_word' id='word_1_175' title='bbox 834 1932 954 1994; x_wconf 90' lang='lat' dir='ltr'>eosdem</span> <span class='ocrx_word' id='word_1_176' title='bbox 968 1933 1077 1996; x_wconf 89' lang='lat' dir='ltr'>oblatis</span> <span class='ocrx_word' id='word_1_177' title='bbox 1097 1947 1123 1986; x_wconf 43' lang='lat' dir='ltr'>a</span> <span class='ocrx_word' id='word_1_178' title='bbox 1141 1967 1144 2002; x_wconf 91' lang='lat'><strong><em>:</em></strong></span> <span class='ocrx_word' id='word_1_179' title='bbox 1161 1942 1180 1968; x_wconf 49' lang='grc' dir='ltr'>ιι</span> 
     </span>
     <span class='ocr_line' id='line_1_21' title="bbox 145 2022 1184 2104; baseline -0.001 -19"><span class='ocrx_word' id='word_1_180' title='bbox 145 2024 305 2085; x_wconf 90' lang='lat' dir='ltr'>trucidare.</span> <span class='ocrx_word' id='word_1_181' title='bbox 336 2025 395 2084; x_wconf 93' lang='lat' dir='ltr'>iam</span> <span class='ocrx_word' id='word_1_182' title='bbox 408 2023 551 2101; x_wconf 84' lang='lat' dir='ltr'>hostium,</span> <span class='ocrx_word' id='word_1_183' title='bbox 569 2029 659 2099; x_wconf 91' lang='lat' dir='ltr'>prout</span> <span class='ocrx_word' id='word_1_184' title='bbox 677 2022 785 2099; x_wconf 91' lang='lat' dir='ltr'>cuique</span> <span class='ocrx_word' id='word_1_185' title='bbox 798 2023 951 2099; x_wconf 89' lang='lat' dir='ltr'>ingenium</span> <span class='ocrx_word' id='word_1_186' title='bbox 965 2029 1044 2104; x_wconf 87' lang='lat' dir='ltr'>erat,</span> <span class='ocrx_word' id='word_1_187' title='bbox 1063 2039 1097 2084; x_wconf 84' lang='lat' dir='ltr'>ca</span> <span class='ocrx_word' id='word_1_188' title='bbox 1114 2050 1121 2073; x_wconf 45' lang='lat' dir='ltr'>a</span> <span class='ocrx_word' id='word_1_189' title='bbox 1142 2048 1145 2056; x_wconf 94' lang='lat'>·</span> <span class='ocrx_word' id='word_1_190' title='bbox 1163 2028 1184 2055; x_wconf 64' lang='lat'>‘³</span> 
     </span>
     <span class='ocr_line' id='line_1_22' title="bbox 146 2108 1184 2189; baseline -0.002 -17"><span class='ocrx_word' id='word_1_191' title='bbox 146 2130 199 2172; x_wconf 86' lang='lat' dir='ltr'>vae</span> <span class='ocrx_word' id='word_1_192' title='bbox 212 2118 393 2172; x_wconf 89' lang='lat' dir='ltr'>armatorum</span> <span class='ocrx_word' id='word_1_193' title='bbox 407 2108 597 2187; x_wconf 89' lang='lat' dir='ltr'>paucioribus</span> <span class='ocrx_word' id='word_1_194' title='bbox 611 2115 695 2187; x_wconf 91' lang='lat' dir='ltr'>terga</span> <span class='ocrx_word' id='word_1_195' title='bbox 707 2115 872 2189; x_wconf 86' lang='lat' dir='ltr'>praestare,</span> <span class='ocrx_word' id='word_1_196' title='bbox 892 2110 1012 2188; x_wconf 79' lang='lat' dir='ltr'>quidam</span> <span class='ocrx_word' id='word_1_197' title='bbox 1024 2112 1077 2172; x_wconf 90' lang='lat' dir='ltr'>ino</span> <span class='ocrx_word' id='word_1_198' title='bbox 1100 2138 1111 2163; x_wconf 77' lang='lat' dir='ltr'>c</span> <span class='ocrx_word' id='word_1_199' title='bbox 1123 2150 1146 2177; x_wconf 62' lang='lat'>‹„</span> <span class='ocrx_word' id='word_1_200' title='bbox 1179 2117 1184 2143; x_wconf 75' lang='lat'>⁸</span> 
     </span>
     <span class='ocr_line' id='line_1_23' title="bbox 146 2196 1181 2278; baseline -0.001 -18"><span class='ocrx_word' id='word_1_201' title='bbox 146 2199 225 2260; x_wconf 93' lang='lat' dir='ltr'>ultro</span> <span class='ocrx_word' id='word_1_202' title='bbox 243 2215 332 2259; x_wconf 90' lang='lat' dir='ltr'>ruere</span> <span class='ocrx_word' id='word_1_203' title='bbox 351 2216 385 2258; x_wconf 92' lang='lat' dir='ltr'>ac</span> <span class='ocrx_word' id='word_1_204' title='bbox 404 2215 437 2257; x_wconf 90' lang='lat' dir='ltr'>se</span> <span class='ocrx_word' id='word_1_205' title='bbox 454 2198 544 2256; x_wconf 89' lang='lat' dir='ltr'>morti</span> <span class='ocrx_word' id='word_1_206' title='bbox 562 2196 677 2257; x_wconf 86' lang='lat' dir='ltr'>ollerre.</span> <span class='ocrx_word' id='word_1_207' title='bbox 713 2198 824 2274; x_wconf 89' lang='lat' dir='ltr'>passim</span> <span class='ocrx_word' id='word_1_208' title='bbox 842 2215 923 2258; x_wconf 93' lang='lat' dir='ltr'>arma</span> <span class='ocrx_word' id='word_1_209' title='bbox 941 2205 972 2258; x_wconf 92' lang='lat' dir='ltr'>et</span> <span class='ocrx_word' id='word_1_210' title='bbox 985 2215 1111 2278; x_wconf 75' lang='lat' dir='ltr'>corpore</span> <span class='ocrx_word' id='word_1_211' title='bbox 1125 2239 1127 2245; x_wconf 33' lang='grc' dir='ltr'><strong><em>ι</em></strong></span> <span class='ocrx_word' id='word_1_212' title='bbox 1139 2227 1140 2230; x_wconf 40' lang='grc'><strong>“</strong></span> <span class='ocrx_word' id='word_1_213' title='bbox 1168 2219 1181 2246; x_wconf 58' lang='lat'><em>2</em></span> 
     </span>
     <span class='ocr_line' id='line_1_24' title="bbox 146 2283 1173 2365; baseline 0.002 -19"><span class='ocrx_word' id='word_1_214' title='bbox 146 2286 237 2346; x_wconf 92' lang='lat' dir='ltr'>laceri</span> <span class='ocrx_word' id='word_1_215' title='bbox 250 2293 333 2344; x_wconf 93' lang='lat' dir='ltr'>artus</span> <span class='ocrx_word' id='word_1_216' title='bbox 347 2292 377 2344; x_wconf 91' lang='lat' dir='ltr'>et</span> <span class='ocrx_word' id='word_1_217' title='bbox 391 2292 515 2345; x_wconf 90' lang='lat' dir='ltr'>cruenta</span> <span class='ocrx_word' id='word_1_218' title='bbox 528 2284 650 2365; x_wconf 81' lang='lat' dir='ltr'>humus3</span> <span class='ocrx_word' id='word_1_219' title='bbox 674 2291 704 2344; x_wconf 92' lang='lat' dir='ltr'>et</span> <span class='ocrx_word' id='word_1_220' title='bbox 723 2283 878 2363; x_wconf 90' lang='lat' dir='ltr'>aliquando</span> <span class='ocrx_word' id='word_1_221' title='bbox 898 2287 987 2346; x_wconf 89' lang='lat' dir='ltr'>etiam</span> <span class='ocrx_word' id='word_1_222' title='bbox 1004 2288 1093 2348; x_wconf 84' lang='lat' dir='ltr'>victis</span> <span class='ocrx_word' id='word_1_223' title='bbox 1116 2308 1118 2336; x_wconf 65' lang='lat'>1</span> <span class='ocrx_word' id='word_1_224' title='bbox 1144 2313 1148 2326; x_wconf 87' lang='lat'><strong>·</strong></span> <span class='ocrx_word' id='word_1_225' title='bbox 1170 2323 1173 2336; x_wconf 58' lang='lat'><em>2</em></span> 
     </span>
     <span class='ocr_line' id='line_1_25' title="bbox 106 2370 1182 2454; baseline 0.004 -22"><span class='ocrx_word' id='word_1_226' title='bbox 106 2398 132 2439; x_wconf 59' lang='grc' dir='ltr'>ιε</span> <span class='ocrx_word' id='word_1_227' title='bbox 145 2375 309 2451; x_wconf 86' lang='lat' dir='ltr'>virtusque.</span> <span class='ocrx_word' id='word_1_228' title='bbox 344 2379 502 2450; x_wconf 92' lang='lat' dir='ltr'>postquam</span> <span class='ocrx_word' id='word_1_229' title='bbox 525 2371 606 2432; x_wconf 89' lang='lat' dir='ltr'>silvis</span> <span class='ocrx_word' id='word_1_230' title='bbox 624 2374 945 2453; x_wconf 82' lang='lat' dir='ltr'>appropinquaverunt,</span> <span class='ocrx_word' id='word_1_231' title='bbox 967 2370 1079 2454; x_wconf 90' lang='lat' dir='ltr'>†item</span> <span class='ocrx_word' id='word_1_232' title='bbox 1103 2400 1108 2427; x_wconf 65' lang='grc' dir='ltr'>ι</span> <span class='ocrx_word' id='word_1_233' title='bbox 1138 2397 1148 2433; x_wconf 76' lang='lat'>:¹</span> <span class='ocrx_word' id='word_1_234' title='bbox 1178 2383 1182 2398; x_wconf 76' lang='lat'><strong><em>⁴</em></strong></span> 
     </span>
     <span class='ocr_line' id='line_1_26' title="bbox 145 2459 1189 2558; baseline 0.001 -36"><span class='ocrx_word' id='word_1_235' title='bbox 145 2479 211 2522; x_wconf 90' lang='lat' dir='ltr'>mos</span> <span class='ocrx_word' id='word_1_236' title='bbox 229 2462 417 2539; x_wconf 91' lang='lat' dir='ltr'>sequentium</span> <span class='ocrx_word' id='word_1_237' title='bbox 439 2462 574 2521; x_wconf 89' lang='lat' dir='ltr'>incautos</span> <span class='ocrx_word' id='word_1_238' title='bbox 593 2459 710 2521; x_wconf 91' lang='lat' dir='ltr'>collecti</span> <span class='ocrx_word' id='word_1_239' title='bbox 728 2468 757 2520; x_wconf 92' lang='lat' dir='ltr'>et</span> <span class='ocrx_word' id='word_1_240' title='bbox 776 2459 909 2522; x_wconf 89' lang='lat' dir='ltr'>locorum</span> <span class='ocrx_word' id='word_1_241' title='bbox 927 2464 1120 2540; x_wconf 72' lang='lat' dir='ltr'>goar-tenco</span> <span class='ocrx_word' id='word_1_242' title='bbox 1141 2502 1149 2527; x_wconf 88' lang='grc'>,-</span> <span class='ocrx_word' id='word_1_243' title='bbox 1175 2496 1189 2558; x_wconf 60' lang='grc' dir='ltr'>Ι</span> 
     </span>
    </p>
   </div>
   <div class='ocr_carea' id='block_1_3' title="bbox 147 2561 1189 3030">
    <p class='ocr_par' dir='ltr' id='par_1_3' title="bbox 147 2561 1189 3030">
     <span class='ocr_line' id='line_1_27' title="bbox 218 2561 1189 2686; baseline 0.001 -18"><span class='ocrx_word' id='word_1_244' title='bbox 218 2613 264 2681; x_wconf 74' lang='grc'>86,</span> <span class='ocrx_word' id='word_1_245' title='bbox 281 2619 314 2667; x_wconf 83' lang='grc'>14.</span> <span class='ocrx_word' id='word_1_246' title='bbox 331 2613 364 2666; x_wconf 90' lang='lat' dir='ltr'>ut</span> <span class='ocrx_word' id='word_1_247' title='bbox 381 2612 445 2668; x_wconf 81' lang='lat' dir='ltr'>add.</span> <span class='ocrx_word' id='word_1_248' title='bbox 463 2612 621 2678; x_wconf 81' lang='lat' dir='ltr'>Dd&#39;derlea&#39;o,</span> <span class='ocrx_word' id='word_1_249' title='bbox 639 2611 689 2665; x_wconf 91' lang='lat' dir='ltr'>ubi</span> <span class='ocrx_word' id='word_1_250' title='bbox 708 2611 874 2681; x_wconf 79' lang='lat' dir='ltr'>(collugere</span> <span class='ocrx_word' id='word_1_251' title='bbox 893 2611 979 2684; x_wconf 90' lang='lat' dir='ltr'>enim)</span> <span class='ocrx_word' id='word_1_252' title='bbox 1002 2612 1073 2669; x_wconf 74' lang='lat' dir='ltr'>Weo</span> <span class='ocrx_word' id='word_1_253' title='bbox 1091 2614 1098 2682; x_wconf 89' lang='grc' dir='ltr'>Ι</span> <span class='ocrx_word' id='word_1_254' title='bbox 1177 2561 1189 2686; x_wconf 41' lang='grc' dir='ltr'>Ρ</span> 
     </span>
     <span class='ocr_line' id='line_1_28' title="bbox 147 2680 1189 2765; baseline 0 -26"><span class='ocrx_word' id='word_1_255' title='bbox 147 2685 189 2739; x_wconf 83' lang='lat' dir='ltr'>et:</span> <span class='ocrx_word' id='word_1_256' title='bbox 209 2685 253 2736; x_wconf 90' lang='lat' dir='ltr'>set</span> <span class='ocrx_word' id='word_1_257' title='bbox 269 2682 415 2738; x_wconf 69' lang='lat' dir='ltr'>Metuis</span> <span class='ocrx_word' id='word_1_258' title='bbox 430 2685 435 2752; x_wconf 76' lang='grc'>1</span> <span class='ocrx_word' id='word_1_259' title='bbox 450 2683 576 2736; x_wconf 82' lang='lat' dir='ltr'>recentes</span> <span class='ocrx_word' id='word_1_260' title='bbox 594 2682 623 2735; x_wconf 90' lang='lat' dir='ltr'><strong><em>B</em></strong></span> <span class='ocrx_word' id='word_1_261' title='bbox 638 2684 643 2752; x_wconf 83' lang='grc' dir='ltr'>Ι</span> <span class='ocrx_word' id='word_1_262' title='bbox 660 2688 693 2736; x_wconf 82' lang='grc'>17</span> <span class='ocrx_word' id='word_1_263' title='bbox 713 2697 803 2750; x_wconf 85' lang='lat' dir='ltr'>sequa</span> <span class='ocrx_word' id='word_1_264' title='bbox 820 2682 924 2736; x_wconf 88' lang='lat' dir='ltr'>nostris</span> <span class='ocrx_word' id='word_1_265' title='bbox 942 2680 1147 2765; x_wconf 64' lang='lat' dir='ltr'>monqncb&#39;lt</span> <span class='ocrx_word' id='word_1_266' title='bbox 1181 2694 1189 2723; x_wconf 88' lang='lat'>¹</span> 
     </span>
     <span class='ocr_line' id='line_1_29' title="bbox 148 2751 1186 2822; baseline 0.003 -14"><span class='ocrx_word' id='word_1_267' title='bbox 148 2756 290 2822; x_wconf 83' lang='lat' dir='ltr'>equestres</span> <span class='ocrx_word' id='word_1_268' title='bbox 314 2768 348 2806; x_wconf 82' lang='lat' dir='ltr'>ea</span> <span class='ocrx_word' id='word_1_269' title='bbox 366 2751 442 2806; x_wconf 89' lang='lat' dir='ltr'>enim</span> <span class='ocrx_word' id='word_1_270' title='bbox 461 2751 609 2821; x_wconf 87' lang='lat' dir='ltr'>(equestris</span> <span class='ocrx_word' id='word_1_271' title='bbox 628 2767 663 2805; x_wconf 84' lang='lat' dir='ltr'>ea</span> <span class='ocrx_word' id='word_1_272' title='bbox 680 2751 738 2805; x_wconf 87' lang='lat' dir='ltr'>iam</span> <span class='ocrx_word' id='word_1_273' title='bbox 755 2753 865 2819; x_wconf 80' lang='lat' dir='ltr'>Haase,</span> <span class='ocrx_word' id='word_1_274' title='bbox 893 2751 1031 2821; x_wconf 84' lang='lat' dir='ltr'>equestris</span> <span class='ocrx_word' id='word_1_275' title='bbox 1050 2769 1080 2808; x_wconf 82' lang='lat' dir='ltr'>er</span> <span class='ocrx_word' id='word_1_276' title='bbox 1095 2752 1150 2811; x_wconf 66' lang='grc' dir='ltr'>Δ».</span> <span class='ocrx_word' id='word_1_277' title='bbox 1184 2761 1186 2768; x_wconf 66' lang='lat'>‘</span> 
     </span>
     <span class='ocr_line' id='line_1_30' title="bbox 147 2821 1149 2892; baseline -0.001 -12"><span class='ocrx_word' id='word_1_278' title='bbox 147 2826 252 2891; x_wconf 68' lang='lat' dir='ltr'>droco)</span> <span class='ocrx_word' id='word_1_279' title='bbox 272 2825 277 2892; x_wconf 78' lang='grc' dir='ltr'>Ι</span> <span class='ocrx_word' id='word_1_280' title='bbox 301 2828 334 2877; x_wconf 87' lang='lat'>18</span> <span class='ocrx_word' id='word_1_281' title='bbox 353 2837 437 2889; x_wconf 82' lang='lat' dir='ltr'>aegre</span> <span class='ocrx_word' id='word_1_282' title='bbox 455 2821 529 2877; x_wconf 86' lang='lat' dir='ltr'>clivo</span> <span class='ocrx_word' id='word_1_283' title='bbox 548 2821 687 2877; x_wconf 86' lang='lat' dir='ltr'>instantes</span> <span class='ocrx_word' id='word_1_284' title='bbox 705 2822 860 2879; x_wconf 79' lang='lat' dir='ltr'>Sctdmaoo</span> <span class='ocrx_word' id='word_1_285' title='bbox 872 2824 980 2892; x_wconf 75' lang='lat' dir='ltr'>partim</span> <span class='ocrx_word' id='word_1_286' title='bbox 998 2840 1062 2879; x_wconf 73' lang='lat' dir='ltr'>nors</span> <span class='ocrx_word' id='word_1_287' title='bbox 1078 2822 1149 2879; x_wconf 55' lang='lat' dir='ltr'>clim</span> 
     </span>
     <span class='ocr_line' id='line_1_31' title="bbox 147 2893 1161 2965; baseline 0.001 -17"><span class='ocrx_word' id='word_1_288' title='bbox 147 2909 216 2964; x_wconf 82' lang='lat' dir='ltr'>egra</span> <span class='ocrx_word' id='word_1_289' title='bbox 238 2893 288 2946; x_wconf 89' lang='lat' dir='ltr'>diu</span> <span class='ocrx_word' id='word_1_290' title='bbox 310 2893 360 2946; x_wconf 85' lang='lat' dir='ltr'>sut</span> <span class='ocrx_word' id='word_1_291' title='bbox 382 2893 476 2947; x_wconf 84' lang='lat' dir='ltr'>stante</span> <span class='ocrx_word' id='word_1_292' title='bbox 497 2895 592 2964; x_wconf 82' lang='lat' dir='ltr'>(segre</span> <span class='ocrx_word' id='word_1_293' title='bbox 611 2908 641 2946; x_wconf 92' lang='lat' dir='ltr'>se</span> <span class='ocrx_word' id='word_1_294' title='bbox 660 2893 850 2947; x_wconf 79' lang='lat' dir='ltr'>sustentantes</span> <span class='ocrx_word' id='word_1_295' title='bbox 868 2893 908 2948; x_wconf 88' lang='lat' dir='ltr'>H.</span> <span class='ocrx_word' id='word_1_296' title='bbox 927 2893 1044 2962; x_wconf 58' lang='lat' dir='ltr'>Sobata,</span> <span class='ocrx_word' id='word_1_297' title='bbox 1071 2904 1161 2965; x_wconf 72' lang='lat' dir='ltr'>aegro·</span> 
     </span>
     <span class='ocr_line' id='line_1_32' title="bbox 148 2962 1152 3030; baseline 0.003 -12"><span class='ocrx_word' id='word_1_298' title='bbox 148 2963 251 3020; x_wconf 87' lang='lat' dir='ltr'>clivum</span> <span class='ocrx_word' id='word_1_299' title='bbox 274 2963 431 3018; x_wconf 84' lang='lat' dir='ltr'>eluctantes</span> <span class='ocrx_word' id='word_1_300' title='bbox 451 2962 636 3030; x_wconf 71' lang='lat' dir='ltr'>Cornelissem</span> <span class='ocrx_word' id='word_1_301' title='bbox 662 2966 781 3019; x_wconf 81' lang='lat' dir='ltr'>aliorum</span> <span class='ocrx_word' id='word_1_302' title='bbox 803 2969 917 3020; x_wconf 60' lang='lat' dir='ltr'>emtore</span> <span class='ocrx_word' id='word_1_303' title='bbox 935 2964 968 3019; x_wconf 79' lang='lat' dir='ltr'>dc</span> <span class='ocrx_word' id='word_1_304' title='bbox 985 2965 1046 3020; x_wconf 84' lang='lat' dir='ltr'>loeo</span> <span class='ocrx_word' id='word_1_305' title='bbox 1062 2966 1152 3021; x_wconf 73' lang='lat' dir='ltr'>moer</span> 
     </span>
    </p>
   </div>
   <div class='ocr_carea' id='block_1_4' title="bbox 146 3032 1161 3598">
    <p class='ocr_par' dir='ltr' id='par_1_4' title="bbox 147 3032 1153 3162">
     <span class='ocr_line' id='line_1_33' title="bbox 147 3032 1153 3162; baseline -0.001 -72"><span class='ocrx_word' id='word_1_306' title='bbox 147 3041 321 3162; x_wconf 53' lang='lat' dir='ltr'>cffrggngv&#39;</span> <span class='ocrx_word' id='word_1_307' title='bbox 345 3052 363 3088; x_wconf 87' lang='lat' dir='ltr'>a</span> <span class='ocrx_word' id='word_1_308' title='bbox 444 3033 571 3158; x_wconf 52' lang='grc' dir='ltr'>Ῐζεωίἓνη</span> <span class='ocrx_word' id='word_1_309' title='bbox 594 3039 619 3089; x_wconf 82' lang='lat' dir='ltr'>et</span> <span class='ocrx_word' id='word_1_310' title='bbox 636 3032 1153 3161; x_wconf 50' lang='lat' dir='ltr'>Aogpespoom)rpi131irrppedirjntpt</span> 
     </span>
    </p>

    <p class='ocr_par' dir='ltr' id='par_1_5' title="bbox 147 3104 1161 3257">
     <span class='ocr_line' id='line_1_34' title="bbox 147 3104 1161 3257; baseline 0.001 -26"><span class='ocrx_word' id='word_1_311' title='bbox 147 3148 200 3244; x_wconf 71' lang='lat'>13&#39;1</span> <span class='ocrx_word' id='word_1_312' title='bbox 222 3182 238 3230; x_wconf 87' lang='grc'><strong>6</strong></span> <span class='ocrx_word' id='word_1_313' title='bbox 255 3120 504 3243; x_wconf 50' lang='grc' dir='ltr'>ἕοὶἶιτξξτὲιῐιῗῃὲξ</span> <span class='ocrx_word' id='word_1_314' title='bbox 513 3104 691 3257; x_wconf 37' lang='lat' dir='ltr'>commisi</span> <span class='ocrx_word' id='word_1_315' title='bbox 708 3119 900 3243; x_wconf 44' lang='lat' dir='ltr'>hoffstet?</span> <span class='ocrx_word' id='word_1_316' title='bbox 917 3179 951 3229; x_wconf 85' lang='lat' dir='ltr'>to</span> <span class='ocrx_word' id='word_1_317' title='bbox 961 3105 1091 3245; x_wconf 53' lang='lat' dir='ltr'>&#39;obltltim</span> <span class='ocrx_word' id='word_1_318' title='bbox 1102 3120 1161 3232; x_wconf 50' lang='grc' dir='ltr'>ἐξ</span> 
     </span>
    </p>

    <p class='ocr_par' dir='ltr' id='par_1_6' title="bbox 148 3244 1158 3319">
     <span class='ocr_line' id='line_1_35' title="bbox 148 3244 1158 3319; baseline 0 -17"><span class='ocrx_word' id='word_1_319' title='bbox 148 3247 298 3302; x_wconf 81' lang='lat' dir='ltr'>Rbeoooos</span> <span class='ocrx_word' id='word_1_320' title='bbox 318 3247 322 3315; x_wconf 92' lang='grc' dir='ltr'>Ι</span> <span class='ocrx_word' id='word_1_321' title='bbox 347 3252 379 3301; x_wconf 79' lang='grc'>13</span> <span class='ocrx_word' id='word_1_322' title='bbox 397 3260 529 3315; x_wconf 85' lang='lat' dir='ltr'>proruere</span> <span class='ocrx_word' id='word_1_323' title='bbox 549 3244 733 3311; x_wconf 74' lang='lat' dir='ltr'>Oormlwseo,</span> <span class='ocrx_word' id='word_1_324' title='bbox 751 3261 790 3299; x_wconf 79' lang='lat' dir='ltr'>cos</span> <span class='ocrx_word' id='word_1_325' title='bbox 807 3247 906 3299; x_wconf 85' lang='lat' dir='ltr'>contro</span> <span class='ocrx_word' id='word_1_326' title='bbox 922 3244 1024 3299; x_wconf 79' lang='lat' dir='ltr'>ruere?</span> <span class='ocrx_word' id='word_1_327' title='bbox 1040 3249 1046 3316; x_wconf 88' lang='grc' dir='ltr'>Ι</span> <span class='ocrx_word' id='word_1_328' title='bbox 1064 3251 1100 3301; x_wconf 75' lang='lat'>14</span> <span class='ocrx_word' id='word_1_329' title='bbox 1116 3244 1158 3319; x_wconf 80' lang='lat' dir='ltr'>et}</span> 
     </span>
    </p>

    <p class='ocr_par' dir='ltr' id='par_1_7' title="bbox 148 3314 1156 3383">
     <span class='ocr_line' id='line_1_36' title="bbox 148 3314 1156 3383; baseline 0.001 -11"><span class='ocrx_word' id='word_1_330' title='bbox 148 3319 192 3372; x_wconf 88' lang='lat' dir='ltr'>est</span> <span class='ocrx_word' id='word_1_331' title='bbox 208 3318 319 3383; x_wconf 76' lang='lat' dir='ltr'>Rosius,</span> <span class='ocrx_word' id='word_1_332' title='bbox 337 3333 376 3370; x_wconf 79' lang='lat' dir='ltr'>ao</span> <span class='ocrx_word' id='word_1_333' title='bbox 394 3315 458 3370; x_wconf 77' lang='lat' dir='ltr'>set?</span> <span class='ocrx_word' id='word_1_334' title='bbox 496 3319 528 3368; x_wconf 80' lang='lat'>15</span> <span class='ocrx_word' id='word_1_335' title='bbox 546 3317 624 3369; x_wconf 90' lang='lat' dir='ltr'>ntem</span> <span class='ocrx_word' id='word_1_336' title='bbox 642 3316 678 3383; x_wconf 72' lang='lat' dir='ltr'>A,</span> <span class='ocrx_word' id='word_1_337' title='bbox 697 3315 766 3369; x_wconf 91' lang='lat' dir='ltr'>item</span> <span class='ocrx_word' id='word_1_338' title='bbox 779 3316 814 3382; x_wconf 84' lang='lat' dir='ltr'>B,</span> <span class='ocrx_word' id='word_1_339' title='bbox 833 3314 910 3369; x_wconf 88' lang='lat' dir='ltr'>idem</span> <span class='ocrx_word' id='word_1_340' title='bbox 929 3314 1036 3383; x_wconf 61' lang='lat' dir='ltr'>Goebet</span> <span class='ocrx_word' id='word_1_341' title='bbox 1055 3315 1156 3373; x_wconf 74' lang='lat' dir='ltr'>iterun</span> 
     </span>
    </p>

    <p class='ocr_par' dir='ltr' id='par_1_8' title="bbox 147 3385 1159 3469">
     <span class='ocr_line' id='line_1_37' title="bbox 147 3385 1159 3469; baseline -0.003 -25"><span class='ocrx_word' id='word_1_342' title='bbox 147 3389 272 3469; x_wconf 52' lang='lat' dir='ltr'>brente,</span> <span class='ocrx_word' id='word_1_343' title='bbox 293 3385 450 3468; x_wconf 75' lang='lat' dir='ltr'>identidem</span> <span class='ocrx_word' id='word_1_344' title='bbox 499 3390 579 3469; x_wconf 67' lang='lat' dir='ltr'>atter,</span> <span class='ocrx_word' id='word_1_345' title='bbox 596 3385 663 3439; x_wconf 90' lang='lat' dir='ltr'>inde</span> <span class='ocrx_word' id='word_1_346' title='bbox 681 3385 780 3452; x_wconf 76' lang='lat' dir='ltr'>Ritter,</span> <span class='ocrx_word' id='word_1_347' title='bbox 792 3386 849 3465; x_wconf 36' lang='lat' dir='ltr'>&#39;det</span> <span class='ocrx_word' id='word_1_348' title='bbox 868 3385 1028 3467; x_wconf 72' lang='lat' dir='ltr'>Nspperdeg</span> <span class='ocrx_word' id='word_1_349' title='bbox 1040 3389 1159 3469; x_wconf 60' lang='lat' dir='ltr'>qappro·</span> 
     </span>
    </p>

    <p class='ocr_par' dir='ltr' id='par_1_9' title="bbox 146 3454 1161 3598">
     <span class='ocr_line' id='line_1_38' title="bbox 146 3454 1161 3598; baseline -0.003 -16"><span class='ocrx_word' id='word_1_350' title='bbox 146 3455 628 3598; x_wconf 47' lang='lat' dir='ltr'>{tiltttadlltttttttl</span> <span class='ocrx_word' id='word_1_351' title='bbox 642 3458 699 3594; x_wconf 72' lang='lat' dir='ltr'>tt</span> <span class='ocrx_word' id='word_1_352' title='bbox 718 3471 800 3525; x_wconf 48' lang='grc' dir='ltr'>ΕΜ</span> <span class='ocrx_word' id='word_1_353' title='bbox 809 3454 934 3512; x_wconf 64' lang='lat' dir='ltr'>mem</span> <span class='ocrx_word' id='word_1_354' title='bbox 953 3471 1050 3525; x_wconf 54' lang='lat' dir='ltr'>mn</span> <span class='ocrx_word' id='word_1_355' title='bbox 1069 3461 1161 3530; x_wconf 51' lang='grc' dir='ltr'>(Ψ</span> 
     </span>
     <span class='ocr_line' id='line_1_39' title="bbox 382 3565 678 3597; baseline -0.003 -17"><span class='ocrx_word' id='word_1_356' title='bbox 382 3569 392 3597; x_wconf 85' lang='lat'><em>,</em></span> <span class='ocrx_word' id='word_1_357' title='bbox 672 3565 678 3579; x_wconf 92' lang='lat'><strong>.</strong></span> 
     </span>
    </p>
   </div>
   <div class='ocr_carea' id='block_1_5' title="bbox 1187 2464 1190 3597">
    <p class='ocr_par' dir='ltr' id='par_1_10' title="bbox 1187 2464 1190 3597">
     <span class='ocr_line' id='line_1_40' title="bbox 1187 2464 1190 3597; baseline 0 0"><span class='ocrx_word' id='word_1_358' title='bbox 1187 2464 1190 3597; x_wconf 95' lang='lat' dir='ltr'> </span> 
     </span>
    </p>
   </div>
   <div class='ocr_carea' id='block_1_6' title="bbox 0 0 1196 3972">
    <p class='ocr_par' dir='ltr' id='par_1_11' title="bbox 0 0 1196 3972">
     <span class='ocr_line' id='line_1_41' title="bbox 0 0 1196 3972; baseline 0 0"><span class='ocrx_word' id='word_1_359' title='bbox 0 0 1196 3972; x_wconf 95' lang='lat' dir='ltr'> </span> 
     </span>
    </p>
   </div>
  </div>
 </body>
</html>
