2378 3982
288 215 380 270 Dran.
398 215 447 269 on
466 215 697 271 onnroinssus
716 223 830 271 ar-ae.
1001 218 1066 282 313

50 371 156 430 tiones
176 374 260 426 erant
279 375 309 427 et
329 364 450 426 modum
468 363 587 425 dicendi
608 364 665 424 sibi
679 366 805 443 quisque
820 364 955 425 sumebat
969 373 999 426 et
1013 384 1093 428 nus

50 472 160 519 merus
180 472 279 533 neque
298 454 414 514 dierum
435 471 531 532 neque
545 460 739 531 patronorum
754 453 920 513 finiebatur.
952 456 1067 533 primus

52 547 132 607 haec
150 546 240 603 tertio
259 542 414 603 consulatu
440 542 492 602 Cn.
510 540 668 620 Pompeius
689 541 847 603 adstrinxit
867 543 1067 622 imposuitque

53 632 151 694 veluti
170 632 271 692 frenos
291 631 490 710 eloquentiae,
508 632 550 690 ita
564 637 661 690 tamen
676 637 710 691 ut
724 632 822 690 omnia
836 632 867 690 in
881 630 955 708 loro,
969 635 1067 692 omnia

56 720 183 801 legibus,
197 721 296 779 omnia
310 719 387 798 apud
400 725 553 798 praetores
567 726 757 796 gererentur:
776 718 853 797 apud
868 736 942 796 qnos
957 727 1066 797 quanto

55 811 170 871 maiora
194 810 312 886 negotia
336 807 404 867 olim
429 808 562 868 exerceri
581 806 665 867 solita
680 809 753 888 sint,
777 806 1107 886 quodmaiusargu·1o

55 904 192 960 mentum
216 904 262 956 est
284 914 373 974 quam
394 895 473 974 quod
494 913 600 956 causae
621 894 862 976 centumvirales,
888 913 963 975 quae
987 913 1067 957 nunc

55 989 189 1066 primum
204 987 339 1063 optinent
352 983 463 1064 locum,
484 983 556 1045 adeo
575 983 731 1062 splendore
751 983 875 1044 aliorum
889 983 1067 1046 iudiciorum

57 1073 272 1152 obruebantur,
286 1081 320 1133 ut
333 1091 430 1151 neque
445 1072 597 1133 Ciceronis
611 1090 708 1150 neque
723 1072 856 1132 Caesaris
871 1090 968 1151 neque
982 1073 1068 1133 Bruti

58 1180 157 1242 neque
172 1161 263 1222 Caelii
276 1180 372 1240 neque
388 1160 480 1240 Calvi,
499 1178 559 1220 non
577 1161 704 1238 denique
723 1160 813 1221 ullius
827 1163 927 1238 magni
941 1163 1068 1221 oratoris

58 1251 135 1312 liber
155 1251 233 1329 apud
255 1251 455 1310 centumviros
475 1249 571 1309 dictus
589 1247 713 1327 legatur,
737 1250 869 1326 exceptis
883 1249 1068 1310 orationibus
1082 1267 1108 1308 15

10 1417 12 1420 y
58 1341 170 1419 Asinii,
194 1356 269 1417 quae
291 1355 346 1416 pro
370 1335 532 1398 heredibus
556 1335 695 1396 Urbiniae
718 1336 937 1417 inscribuntur,
951 1337 988 1398 ab
1002 1339 1068 1416 ipso

10 1431 13 1496 ἶ
59 1436 159 1488 tamen
172 1426 305 1487 Pollione
318 1424 424 1486 mediis
439 1425 498 1485 divi
512 1425 637 1503 Augusti
651 1424 835 1503 temporibus
849 1424 976 1506 habitae,
989 1432 1069 1505 post·

60 1533 149 1595 quam
166 1514 253 1593 longa
271 1522 438 1593 temporum
457 1516 541 1590 quies
561 1521 591 1573 et
609 1515 782 1574 continuum
800 1514 903 1593 populi
926 1516 1019 1575 otium
1040 1520 1070 1574 et

59 1603 177 1664 assidua
199 1610 319 1663 senatus
338 1600 536 1680 tranquillitas
556 1609 586 1661 et
604 1605 729 1662 maxime
754 1605 899 1682 principis
914 1602 1070 1682 disciplina

59 1694 155 1771 ipsam
169 1709 286 1770 quoque
301 1690 500 1769 eloquentiam
515 1692 593 1750 sieut
607 1692 704 1763 omnia
719 1689 773 1750 alia
788 1702 951 1768 pacaverat.
1083 1711 1109 1751 so

10 1768 22 1807 ¹'
92 1783 95 1787 ’
127 1776 179 1840 39.
201 1779 328 1840 Parvum
351 1786 381 1839 et
398 1777 557 1840 ridiculum
575 1778 701 1839 lortasse
724 1778 859 1840 rideatur
878 1780 957 1858 quod
976 1780 1070 1840 dictu·
1153 1788 1157 1796 “

10 1856 23 1895 l
59 1887 114 1930 rus
129 1885 204 1946 sum,
218 1868 313 1928 dicam
327 1876 441 1947 tamen,
463 1867 510 1927 vel
530 1868 596 1927 ideo
615 1875 649 1927 ut
662 1866 770 1927 ridear.
794 1877 937 1947 quantum
951 1867 1069 1928 hnmili-

59 1958 131 2017 tatis
154 1962 292 2033 putamus
314 1956 500 2034 eloquentiae
528 1954 661 2015 attulisse
684 1955 824 2034 paenulas
846 1958 932 2035 istas,
960 1955 1069 2033 quibus

61 2045 196 2109 adstricti
211 2051 241 2104 et
254 2043 334 2104 velut
347 2044 456 2105 inclusi
470 2061 537 2104 cum
552 2042 700 2104 iudicibus
715 2041 903 2105 fabulamur?
926 2051 1069 2122 quantum

10 2192 14 2201 ,
62 2135 168 2194 virium
183 2132 346 2192 detraxisse
360 2135 487 2194 orationi
501 2130 645 2192 auditoria
659 2139 689 2192 et
703 2131 847 2192 tabularia
861 2132 1023 2213 credimus,
1037 2135 1095 2193 ins

60 2220 170 2298 quibus
188 2222 247 2279 iam
265 2220 327 2280 fere
340 2219 485 2298 plurimae
495 2238 601 2281 causae
616 2217 822 2298 explicantur?
852 2239 921 2281 nam
935 2239 994 2299 quo
1008 2239 1069 2282 mo·

60 2308 98 2369 do
120 2307 235 2368 nobiles
258 2325 351 2386 equos
372 2327 479 2369 cursus
501 2318 531 2369 et
557 2311 650 2387 spatia
670 2308 806 2390 probant,
829 2312 873 2370 sic
895 2319 940 2370 est
962 2310 1069 2388 aliquis

14 2385 22 2403 ‘
60 2406 214 2457 oratorum
233 2413 363 2476 campus,
385 2415 440 2475 per
461 2415 550 2476 quern
570 2399 629 2457 nisi
649 2395 735 2457 liberi
759 2406 790 2457 et
810 2396 899 2458 soluti
920 2398 1068 2478 ferantur,

60 2484 233 2545 debilitatur
247 2502 281 2545 ac
295 2486 443 2563 frangitur
457 2484 632 2564 eloquentia.
662 2487 756 2563 ipsam
776 2488 848 2563 quin
862 2488 952 2546 immo
967 2505 1068 2547 curam

60 2579 92 2633 et
101 2571 251 2650 diligentis
262 2571 322 2633 stili
331 2576 508 2633 anxietatem
517 2574 694 2634 contrariam
705 2575 883 2652 experimur,
898 2575 966 2652 qnia
980 2592 1068 2653 saepe
1083 2594 1108 2634 xo

58 2663 227 2738 interrogat
239 2659 327 2721 iudex
334 2707 344 2742 ,
368 2661 484 2739 qnando
498 2663 636 2741 incipias,
659 2667 689 2720 et
708 2679 744 2721 ex
758 2663 989 2741 interrogatione
1004 2665 1068 2724 eius

58 2748 264 2826 incipiendum
278 2756 332 2810 est.
359 2749 533 2829 frequenter
551 2749 778 2829 probationibus
793 2758 823 2811 et
840 2751 967 2812 testibus
982 2751 1068 2811 silen-

57 2837 136 2897 tium
157 2838 304 2915 inpatiens
325 2837 438 2898 indicit.
475 2856 552 2899 unus
578 2841 656 2898 inter
681 2838 755 2900 haec
783 2838 893 2901 dicenti
918 2847 968 2900 ant
995 2839 1068 2900 alter

58 2923 191 3004 adsistit,
215 2933 245 2986 et
262 2944 312 2987 res
331 2926 457 2987 velutin
472 2925 630 2988 solitudine
644 2929 750 3004 agitur.
774 2931 885 2987 oratori
899 2936 997 2988 autem
1011 2926 1068 2987 cla·

55 3030 143 3073 more
163 3012 328 3093 plausuque
354 3032 429 3092 opus
452 3022 499 3075 est
521 3023 552 3074 et
568 3013 649 3074 velut
669 3016 796 3093 quodam
814 3015 943 3095 theatro;
972 3014 1069 3093 qualia
1083 3031 1108 3073 n

131 3199 208 3268 38,5
228 3200 345 3255 dicendo
375 3204 380 3270 Ι
410 3201 513 3255 'lhaec
533 3202 599 3256 OF:
617 3200 664 3254 hic
683 3202 732 3255 Bb
756 3204 761 3266 l
793 3207 825 3255 12
845 3200 1002 3269 aliquorum
1020 3202 1068 3255 Bb

57 3271 186 3340 (illorum
204 3273 242 3327 H.
255 3274 362 3343 Meyer)
378 3276 383 3340 Ι
401 3278 434 3326 16
452 3271 585 3325 Urbiniae
603 3272 729 3339 Lepsios:
747 3271 832 3326 quie
846 3272 882 3339 B,
900 3271 985 3340 Vriug
1005 3271 1068 3339 OF,

57 3341 193 3414 urbingb
219 3346 223 3410 Ι
250 3349 282 3398 19
301 3343 421 3397 maxime
440 3343 546 3397 Haase:
566 3341 687 3394 maxima
704 3343 766 3410 Bb,
790 3340 905 3396 maximi
924 3340 982 3396 OF
1003 3345 1007 3408 l
1033 3347 1068 3396 20

56 3413 118 3467 elia
135 3430 184 3468 om.
204 3414 253 3468 Bb
279 3418 283 3481 Ι
308 3412 496 3483 depocauerat
513 3413 549 3479 B,
570 3412 789 3480 deputandam-b
814 3427 818 3478 ι
843 3411 1069 3480 eo‚1videatur

59 3483 159 3539 Orelli:
192 3484 306 3539 uidetur
329 3482 480 3552 (videbitur
508 3483 634 3552 Ursinus)
663 3485 697 3550 ef.
717 3489 762 3550 16,
775 3487 822 3539 26.
855 3484 930 3538 Ano.
955 3482 1066 3555 Vnst

56 3561 73 3609 2
93 3553 219 3610 rideatur
238 3556 364 3624 0F113
382 3555 523 3626 inpatiens
542 3555 652 3623 Haupt:
675 3555 810 3621 patronus
831 3555 954 3625 (praetor
975 3553 1068 3620 Orelli,
