2378 3982
253 195 347 251 nint.
366 196 415 252 DE
434 197 661 253 ORATORIBUS
682 204 792 254 11-14.
965 198 1030 265 287

52 346 160 406 unium
175 361 349 423 comparare
363 346 514 406 timuerim
527 363 595 406 cum
604 347 737 424 inquieta
747 353 777 406 et
786 347 871 406 anxia
881 353 1031 407 oratorum

52 440 88 494 ta.
122 432 192 494 licet
212 431 278 492 illos
298 434 460 493 certamina
474 440 504 493 et
516 433 648 512 pericula
663 452 716 495 sua
731 434 766 494 ad
781 432 952 496 consulatus
966 453 1031 495 eve·

52 523 132 600 crint,
151 519 228 580 malo
247 537 387 581 securum
407 527 439 581 et
457 523 590 599 quietum
605 521 719 600 Virgilii
737 540 901 602 secessum,
919 525 951 582 in
972 540 1031 602 qno

52 627 119 670 men
133 625 232 687 neque
245 608 323 687 apud
338 608 438 669 dirum
451 608 618 688 Augustum
632 612 726 688 gratia
740 612 837 671 caruit
846 628 942 689 neque
953 610 1030 690 apud
1044 633 1058 676 a

51 697 164 776 >pulum
182 696 347 757 Romanum
366 698 479 757 notitia.
516 704 608 757 testes
626 699 752 776 Augusti
770 698 927 777 epistulae,
945 701 1031 759 testis

51 803 85 846 se
99 784 240 864 populus,
259 786 311 862 qui
325 784 434 845 auditis
445 786 478 844 in
493 784 608 845 theatro
623 784 738 864 Virgilii
750 786 887 848 versibus
901 789 1032 847 surrexit

51 875 179 934 niversus
198 879 229 933 et
247 872 323 932 forte
342 879 529 950 praesentem
548 882 789 954 spectantemque
811 874 965 954 Virgilium
984 892 1031 934 ve-

51 970 144 1022 eratus
159 968 205 1021 est
220 961 263 1020 sic
278 961 363 1039 quasi
376 960 551 1038 Augustum.
574 979 611 1021 ne
631 965 741 1022 nostris
759 963 878 1042 quidem
893 964 1031 1041 tempori·

51 1067 80 1110 us
103 1048 261 1110 Secundus
285 1047 467 1127 Pomponius
486 1050 556 1109 Afro
574 1048 701 1110 Domitio
720 1050 766 1110 vel
789 1051 932 1130 dignitate
954 1053 1031 1110 vitae
1046 1073 1074 1126 aa,

50 1137 71 1197 tl
83 1138 283 1216 perpetuitate
297 1135 391 1196 famae
406 1139 539 1197 cesserit.
575 1155 643 1197 nam
659 1137 782 1216 Crispus
796 1141 853 1199 iste
867 1146 897 1198 et
910 1136 1031 1198 Marcel·

50 1243 80 1306 ts,
98 1225 135 1286 ad
154 1243 283 1304 quorum
301 1223 434 1304 exempla
452 1241 499 1284 me
514 1242 614 1304 vocas,
638 1226 710 1304 quid
728 1225 838 1287 habent
856 1228 887 1285 in
905 1225 960 1286 hac
979 1243 1033 1286 sua

50 1321 142 1374 trtuna
165 1309 459 1391 concupiscendum?
482 1312 559 1390 quod
581 1314 695 1393 timent,
719 1331 756 1374 an
775 1314 855 1392 quod
873 1309 1034 1373 timentur?

50 1401 119 1482 uod,
141 1419 209 1462 oum
232 1401 341 1462 cotidie
364 1399 474 1478 aliquid
498 1408 653 1480 rogentur,
676 1403 699 1462 ii
722 1401 831 1481 quibus
845 1398 869 1482 †
882 1407 1034 1480 praestant

50 1485 238 1568 tdignantur?
261 1488 340 1567 quod
359 1488 479 1567 adligati
494 1491 599 1549 canina
613 1489 779 1550 adulatione
794 1508 849 1550 nec
864 1489 1073 1567 imperanti-15

50 1597 81 1638 os
95 1595 236 1657 umquam
251 1579 322 1638 satis
335 1578 415 1637 servi
428 1576 567 1636 videntur
580 1595 635 1637 nec
649 1577 735 1638 nobis
750 1580 822 1639 satis
836 1574 944 1638 liberi?
958 1593 1033 1656 quae

49 1685 97 1727 aec
112 1683 227 1726 summa
241 1682 344 1726 eorum
358 1665 492 1743 potentia
505 1660 572 1723 est?
590 1671 703 1726 tantum
718 1684 805 1744 posse
820 1664 919 1727 liberti
929 1666 1033 1726 solent.

49 1773 72 1815 re
85 1772 157 1815 vero
172 1752 304 1832 dulces,
318 1760 352 1814 ut
366 1751 506 1831 Virgilius
521 1753 570 1830 ait,
584 1752 716 1833 Musae,
735 1761 882 1814 remotum
896 1772 913 1813 a
927 1753 1034 1813 sollici-

49 1841 183 1903 1dinibus
197 1848 228 1902 et
237 1843 318 1902 curis
328 1848 358 1900 ct
367 1842 543 1901 necessitate
554 1840 662 1900 cotidie
670 1839 779 1919 aliquid
791 1847 894 1900 contra
904 1842 1034 1901 animum

49 1929 162 2009 ciendi,
171 1931 202 1990 in
212 1929 261 1990 illa
271 1946 354 1989 sacra
363 1928 488 2007 illosque
498 1930 542 1989 ad
553 1928 643 1988 fontis
657 1928 766 2007 ferant3
779 1946 835 1988 nec
844 1929 980 1988 insanum
990 1926 1033 1987 ul·
1048 1951 1075 1992 so

49 2037 72 2078 fa
86 2027 117 2080 et
130 2017 280 2085 lubricum
292 2018 391 2077 forum
403 2017 568 2095 famamque
577 2016 735 2095 pallentem
745 2015 880 2094 trepidus
890 2017 1034 2093 experiar.

49 2125 87 2167 on
103 2123 153 2167 me
171 2106 308 2166 fremitus
327 2104 518 2166 salutantium
540 2123 596 2166 nec
614 2104 754 2165 anhelans
772 2103 898 2165 libertus
917 2105 1035 2183 excitet,

50 2213 83 2256 ec
101 2197 236 2255 incertus
254 2194 349 2254 futuri
366 2200 576 2253 testamentum
598 2211 654 2272 pro
676 2194 800 2271 pignore
824 2191 960 2272 scribam,
979 2208 1035 2251 nec

49 2281 94 2343 lus
115 2281 238 2343 habeam
256 2299 343 2361 quam
363 2280 440 2359 quod
455 2283 567 2359 possim
581 2283 631 2342 cni
644 2280 731 2341 velim
745 2280 914 2359 relinquere
928 2273 1034 2361 (quan-

50 2388 125 2449 oque
135 2372 215 2431 enim
224 2369 320 2430 fatalis
330 2377 360 2429 et
368 2386 454 2429 mens
464 2369 527 2429 dies
537 2362 659 2450 veniet),
667 2376 839 2447 statuarque
849 2368 963 2429 tumulo
976 2385 1035 2427 non
1048 2386 1075 2428 aa

48 2466 158 2519 caestus
178 2465 209 2518 et
228 2465 324 2536 atrox,
343 2455 395 2516 sed
413 2455 515 2516 hilaris
534 2463 564 2516 et
583 2463 753 2537 coronatus,
772 2465 802 2516 et
821 2474 875 2534 pro
894 2456 1035 2516 memoria

48 2549 89 2606 nei
102 2565 158 2606 noc
173 2543 307 2606 consulat
321 2545 477 2622 quisquam
491 2562 546 2604 nec
560 2539 664 2622 roget'

97 2631 146 2695 14.
164 2632 290 2693 Vixdum
304 2633 422 2692 finierat
434 2631 594 2712 Maternus,
609 2633 774 2692 concitatus
788 2638 819 2691 et
836 2629 917 2690 velut
931 2630 1036 2690 instin-

100 2820 145 2886 te,
159 2826 176 2874 8
195 2817 265 2874 istos
283 2818 347 2874 Βὺι
369 2819 374 2888 Ι
399 2818 436 2872 ed
453 2818 580 2887 Lipsius:
599 2819 629 2873 et
647 2818 692 2888 (ed
712 2816 870 2874 sacerdotia
888 2818 940 2887 (vel
957 2831 1036 2886 prae

47 2892 117 2958 uras)
137 2891 166 2944 et
184 2890 297 2957 Vahlen,
316 2889 353 2944 od
372 2905 438 2959 opes
457 2890 487 2943 et
504 2889 604 2957 Ratter)
621 2891 626 2958 Ι
642 2889 803 2944 consulatus
822 2889 863 2943 F·
883 2890 1036 2943 conventus

47 2932 380 3112 limitati-,titi
396 2958 810 3099 sustentasset
828 2956 1037 3096 ttttdlfl

47 3102 248 3253 filioll}
263 3100 489 3239 tffiittttt
502 3101 809 3236 sildalffllii
816 3096 1036 3237 llifflafffl

47 3241 121 3298 litter
140 3242 271 3309 (illasque
288 3241 395 3295 frondis
414 3241 525 3364 Haofft)
545 3239 776 3310 impellentem
795 3241 811 3294 b
829 3255 910 3294 corre
929 3236 1037 3306 pellan-

47 3328 89 3366 om
107 3312 178 3380 BF,
196 3314 340 3393 polentem
359 3312 418 3369 o¹0
434 3313 474 3379 (fe
498 3327 576 3366 ecem
593 3312 742 3376 Botticltcr)
731 3312 771 3378 )Ι
796 3315 830 3363 24
849 3307 1038 3375 quandocum-

49 3399 82 3437 ne
102 3393 163 3452 (om
188 3383 275 3452 enim)
295 3384 374 3450 Poe,
402 3383 569 3450 quandoque
589 3381 656 3435 olim
675 3381 789 3447 Stcimr,
817 3378 1033 3450 [quandoque.

47 3454 134 3536 eniel]
154 3454 245 3509 Ritter
260 3456 266 3524 Ι
281 3459 315 3509 25
334 3455 364 3507 et
382 3469 432 3508 osa.
443 3453 573 3508 Pithoeus
589 3455 593 3520 Ι
608 3451 704 3505 ueniet
718 3453 734 3506 d
748 3467 830 3507 corre
824 3448 1041 3504 ·ueniotBOF

46 3526 149 3580 renent
165 3525 289 3594 Bracata)
