2340 3982
263 182 356 240 DIAL.
375 184 423 239 DE
442 184 668 241 obaudiamus
688 193 801 242 10-11.
963 185 1031 251 285

26 327 101 391 bitae
119 329 258 392 dictionis
278 333 405 409 impetu:
423 332 583 393 meditatus
599 332 707 392 videris
721 334 810 393 etiam
824 332 948 411 elegisse
961 351 1028 413 per·

29 431 125 478 ronam
143 418 303 480 notabilem
321 428 352 480 et
374 438 442 481 cum
461 421 636 481 auctoritate
655 419 809 480 dicturam.
842 423 936 481 sentio
956 421 1028 500 quid

23 506 198 583 ‘responderi
206 509 314 586 possit:
323 508 393 569 hinc
402 509 531 585 ingentis
541 509 669 568 existere
679 507 831 587 adsensus,
841 507 1028 587 haecinipsis
1043 531 1069 573 es

29 593 179 654 auditoriis
192 597 352 674 praecipue
366 595 481 656 laudari
495 603 526 656 et
533 613 601 656 mox
611 597 743 657 omnium
753 594 940 657 sermonibus
949 596 1030 658 ferri.

23 680 93 753 'tolle
113 684 205 760 igitur
221 685 329 762 quietis
344 691 374 744 et
388 685 557 744 securitatis
576 685 803 764 excusationem,
823 701 891 744 oum
910 682 965 744 tibi
983 701 1030 745 su·

54 787 86 829 as
100 770 302 832 adversarium
316 773 508 850 superiorem.
535 771 621 832 nobis
646 773 718 832 satis
733 773 772 832 sit
788 773 918 852 privatas
937 779 968 832 et
980 789 1031 831 no·

68 859 201 920 isacculi
211 861 428 920 controversias
437 860 523 939 tueri,
533 861 564 919 in
574 857 683 938 quibus
694 858 870 938 [expressis]
881 859 1030 939 siquando

28 963 146 1021 ¹‚ecesse
168 948 208 1007 sit
225 964 280 1024 pro
298 946 482 1025 periclitante
501 949 594 1008 amico
613 950 814 1026 potentiorum
834 965 921 1010 aures
941 948 1030 1009 olien-
1045 970 1070 1010 ro

58 1052 105 1113 re,
120 1042 151 1095 et
164 1033 288 1111 probata
302 1036 341 1095 sit
354 1035 427 1094 fides
441 1043 472 1096 et
485 1034 607 1096 libertas
621 1030 778 1096 excusata!

92 1119 143 1182 11.
167 1121 248 1192 Quae
271 1140 339 1182 cum
363 1122 486 1183 dixisset
508 1122 587 1201 Aper
605 1125 717 1205 acrius,
739 1130 774 1184 ut
792 1123 916 1203 solebat,
941 1131 971 1184 et
987 1125 1031 1183 in-

51 1216 106 1271 nto
130 1227 194 1290 ore,
222 1211 366 1272 remissus
390 1219 420 1271 et
444 1210 603 1271 subridens
620 1206 773 1272 Maternus
790 1207 954 1290 ‘parantem
972 1205 1031 1272 me’

53 1299 121 1378 quit
135 1293 207 1358 ‘nou
221 1300 321 1359 minus
337 1298 388 1359 diu
402 1317 543 1360 accusare
557 1306 689 1360 oratores
704 1318 792 1378 quam
805 1301 885 1378 Aper
898 1299 1032 1360 laudare·

55 1393 69 1446 t
94 1383 170 1468 (lore
199 1388 277 1446 enim
297 1386 463 1448 arbitrabar
481 1395 549 1448 uta
572 1386 739 1449 laudatione
758 1405 862 1448 eorum
880 1387 1032 1466 digressus

10 1468 203 1535 detrectaret
217 1482 319 1553 poetas
329 1482 417 1554 atque
427 1477 592 1537 carminum
602 1476 734 1538 studium
738 1468 958 1559 prosterneret)
967 1484 1031 1537 arte
1045 1498 1058 1539 ι

13 1562 150 1642 quadam
163 1563 321 1645 mitigavit,
335 1563 564 1624 concedendo'
544 1581 591 1645 ns,
608 1566 659 1642 qui
673 1582 777 1625 causas
791 1582 878 1643 agere
892 1582 951 1625 non
965 1582 1032 1643 pos·

14 1657 100 1731 tent,
119 1658 154 1711 ut
171 1669 275 1712 versus
295 1651 435 1739 iacerent.
472 1669 526 1729 ego
540 1657 638 1712 autem
653 1653 757 1712 siout
748 1669 780 1712 ιιι
794 1655 892 1712 causis
910 1653 1032 1731 agendis

16 1737 144 1800 edicere
162 1738 273 1817 aliquid
291 1746 321 1799 et
338 1741 410 1800 eniti
428 1739 554 1799 fortasse
572 1756 703 1819 possum,
722 1741 763 1799 ita
780 1741 954 1800 recitatione
972 1749 1032 1801 tra·

15 1826 196 1906 gocdiarum
210 1834 241 1887 et
254 1827 370 1906 ingredi
384 1827 491 1887 lamam
504 1827 674 1904 auspicatus
688 1844 763 1906 sum,
777 1844 846 1887 cum
856 1824 1033 1906 quidem†iu

15 1908 141 1976 Ilarone
160 1914 324 1993 improbam
348 1922 378 1975 et
396 1914 563 1993 studiorum
586 1932 704 1994 quoque
727 1932 810 1974 sacra
827 1914 1032 1993 profanantem
1046 1938 1074 1979 ao

17 1996 134 2065 Vannii
151 2005 313 2082 potentiam
332 2003 416 2083 fregi,
438 2010 469 2064 et
485 2002 573 2064 hodie
592 2004 619 2063 si
637 2002 709 2082 quid
727 2000 787 2080 [iu]
806 2001 893 2062 nobis
911 2003 1033 2062 notitiae

21 2107 60 2153 ac
77 2092 206 2151 nominis
224 2099 280 2172 est,
302 2092 396 2170 magis
419 2090 549 2152 arbitror
571 2093 735 2152 carminum
759 2108 846 2170 quam
867 2091 1034 2151 orationum

25 2177 119 2259 gloria
133 2186 259 2257 partum.
291 2197 326 2240 ac
340 2181 398 2240 iam
412 2197 460 2240 me
475 2179 635 2257 deiungere
649 2198 666 2241 a
680 2180 793 2241 lorensi
806 2177 906 2239 labore
925 2180 1034 2240 consti-

10 2268 84 2348 itui,
105 2283 163 2332 nec
182 2268 339 2328 comitatus
357 2269 432 2328 istos
459 2274 489 2328 et
507 2285 646 2347 egressus
665 2276 716 2330 aut
738 2268 935 2347 frequentiam
958 2266 1034 2329 salu·

78 2355 153 2415 tium
167 2357 355 2435 concupisco,
372 2373 431 2416 uon
446 2357 539 2434 magis
554 2374 642 2435 quam
656 2374 725 2416 aera
739 2363 770 2417 et
782 2357 939 2437 imagines,
959 2373 1034 2434 quae
1049 2378 1074 2420 ιι

23 2443 116 2503 etlam
134 2460 182 2503 me
200 2442 321 2504 nolente
339 2445 370 2503 in
390 2443 509 2504 domum
523 2461 619 2504 meam
632 2445 820 2522 inruperunt.
843 2462 911 2504 nam
925 2450 1035 2504 statum

21 2546 35 2604 ἡ
49 2546 181 2611 ucusque
200 2548 235 2592 ac
254 2533 444 2592 securitatem
462 2530 568 2592 melius
587 2533 755 2593 innocentia
776 2538 860 2592 tueor
874 2548 963 2609 quam
977 2530 1035 2590 elo-

97 2735 144 2803 10,
158 2741 193 2790 33
212 2733 300 2789 etiam
316 2753 379 2792 nos:
399 2736 448 2790 aut
467 2735 552 2804 (ultro
570 2735 702 2805 Schopen,
720 2751 771 2791 orn.
792 2734 869 2805 Pur)
891 2737 896 2805 Ι
916 2739 950 2791 to
967 2734 1035 2790 hino

64 2821 130 2862 corr.
149 2810 175 2862 et
194 2806 276 2862 Prot·
294 2803 342 2862 hic
366 2808 371 2876 Ι
395 2804 515 2860 existere
533 2806 671 2861 Maurius:
690 2821 724 2859 ex
742 2804 787 2859 his
812 2807 817 2875 Ι
844 2806 915 2861 baec
934 2805 975 2862 F.
993 2805 1036 2860 hii

63 2876 90 2944 b,
108 2875 217 2944 hoco,
239 2874 311 2930 bueo
329 2877 359 2930 ei
376 2877 519 2932 Andrcsen
547 2879 551 2946 Ι
580 2880 697 2932 utente
713 2877 933 3001 tollelpuoedom
949 2878 1036 2933 deesse

103 2947 150 3003 bat
168 2945 221 3002 Fr.
240 2948 276 3003 A.
300 2947 381 3013 Wolf
405 2949 410 3017 Ι
439 2952 472 3002 39
492 2945 629 3016 expressit
646 2946 684 3028 F,
706 2963 756 3003 orn.
807 2964 934 3016 cumcun,
953 2963 1035 3015 expo·

41 3078 44 3083 ¹
84 3015 127 3070 dis
151 3015 207 3072 Wa
206 3033 287 3099 gener
315 3017 321 3088 Ι
349 3016 396 3085 11,
410 3023 426 3072 2
449 3021 595 3088 parantem
612 3032 658 3071 me
675 3017 768 3086 inquit
785 3017 903 3072 Belclcer.
929 3018 1036 3085 parant

69 3084 96 3140 'd
114 3085 220 3156 enim(
209 3086 296 3156 (enim
314 3086 445 3158 quidF)
402 3087 509 3170 ΕἸιιιι
527 3089 685 3158 (maniam
702 3035 795 3156 inquit
812 3103 857 3141 me
880 3087 1033 3158 Wattber)l

71 3157 200 3214 laudavit
224 3158 374 3215 Acidaliae
390 3159 407 3240 Ι
436 3165 451 3214 9
479 3157 509 3212 in
526 3090 637 3214 lberam
655 3158 704 3215 Bb
731 3158 897 3227 (imperante
924 3159 1035 3212 Nerone

88 3227 254 3295 ,Meliten
245 3246 276 3282 m
293 3227 423 3284 Neronias
444 3228 551 3298 Osann)
540 3231 581 3310 ΙΙ
607 3235 640 3283 10
659 3228 848 3298 importunam
865 3229 996 3369 polim!
1001 3233 1033 3282 11

56 3269 248 3356 tenuari
264 3298 431 3382 Grpnoobcm
450 3299 726 3365 uaticiniileiadd.
744 3299 859 3368 Lepsios
826 3297 1035 3422 aelffinu-

80 3371 87 3386 '
134 3372 190 3441 112
209 3369 332 3424 numinis
348 3373 403 3440 Ι13
421 3369 567 3439 diiungere
590 3370 719 3451 Wdlfftira
733 3370 739 3439 Ι
755 3374 790 3423 14
807 3371 871 3436 fort
923 3385 954 3424 or
970 3371 975 3435 Ι
991 3384 1034 3423 sa-

86 3441 179 3496 ntium
196 3440 299 3498 Schola:
319 3373 520 3496 salutationum
535 3445 539 3508 Ι
557 3446 590 3496 to
608 3437 822 3509 irrumpuntbl
839 3445 872 3494 l't
890 3440 1036 3510 hucusque

35 3518 61 3566 ta
75 3512 204 3586 Lipsius:
224 3511 358 3582 cuiusque
377 3512 414 3566 ad
432 3510 577 3581 (cuiusque
595 3526 640 3567 ec.
652 3511 759 3567 ductui
778 3510 912 3582 Piebeua)
