2378 3982
168 178 173 188 '
267 193 358 248 omn.
377 195 425 249 nn
444 194 670 250 onnsonmus
690 203 803 252 14-16.
976 198 1041 264 289
1061 247 1065 253 .

55 343 191 422 udaoius,
215 341 294 420 quod
313 342 503 420 malignitatis
522 345 691 422 opinionem
709 362 769 404 non
787 343 950 425 verebaris,
972 363 1041 406 oum

56 445 95 490 am
114 429 248 508 gloriam,
269 448 356 507 quam
374 431 429 490 tibi
448 430 497 491 alii
515 431 689 512 concedunt,
708 433 772 510 ipse
790 431 846 492 tibi
859 430 1042 511 denegares’
1145 456 1147 460 ’

98 514 215 596 ‘Neque
243 514 334 577 illius'
363 520 460 596 inquit
486 515 642 579 ‘sermonis
665 523 725 580 mei
745 523 955 599 paenitentiam
978 540 1041 603 ago,

55 623 129 684 teque
143 613 195 666 aut
206 605 376 666 Secundum
386 614 437 667 aut
445 606 611 667 Maternum
626 615 676 668 aut
685 615 714 667 te
724 610 830 689 ipsum,
843 608 931 689 Aper,
941 627 1041 687 quam·

55 711 121 754 uam
139 693 292 754 interdum
310 695 341 753 in
356 697 538 755 contrarium
552 695 699 776 disputes,
718 696 803 756 aliter
817 698 927 757 sentire
942 697 1040 758 credo.
1055 719 1081 760 ιι

55 799 68 841 c
82 782 169 842 velim
183 784 374 859 impetratum
392 782 428 841 ab
447 782 545 861 aliquo
561 791 693 844 vestrum
707 792 741 845 ut
755 802 859 844 causas
872 784 962 845 huius
976 786 1041 845 inii·
1097 830 1100 834 »

55 871 112 930 itae
128 870 311 930 differentiae
326 878 477 930 scrutetur
496 889 529 931 ac
548 871 661 951 reddat,
681 890 754 950 quas
772 890 888 932 mecum
902 875 966 950 ipsc
980 872 1041 951 ple·

55 975 161 1036 umque
174 960 302 1036 inquiro.
329 966 359 1018 et
378 959 455 1036 quod
475 958 652 1037 quibusdam
671 959 779 1020 solacio
794 967 848 1039 est,
866 960 939 1020 mihi
953 969 1042 1039 auget

55 1049 246 1124 uacstionem,
261 1047 329 1124 quia
344 1046 428 1106 video
444 1048 532 1106 etiam
546 1046 641 1106 Graiis
656 1047 798 1107 accidisse
813 1054 846 1107 ut
860 1047 977 1126 longius
991 1049 1040 1110 ab·

55 1133 75 1192 it
92 1136 130 1194 ab
149 1132 295 1193 Aeschine
316 1141 346 1194 ct
364 1133 560 1195 Demosthene
580 1134 724 1195 Sacerdos
747 1134 796 1195 illc
815 1133 947 1217 Nicetes,
965 1145 996 1197 et
1014 1138 1041 1197 si
1055 1154 1080 1196 ιι

55 1222 102 1280 uis
116 1220 191 1281 alius
205 1220 356 1299 Ephesum
369 1221 416 1282 vel
429 1222 583 1302 Mytilenas
597 1231 744 1283 concentu
757 1222 1001 1284 scholasticorum
1011 1230 1041 1284 et

55 1307 213 1368 lamoribus
232 1311 339 1388 quatit,
363 1329 450 1389 quam
473 1312 543 1370 Aier
566 1317 617 1371 aut
633 1311 790 1372 Africanus
809 1318 860 1371 aut
877 1329 930 1370 vos
948 1313 1007 1390 ipsi
1024 1329 1041 1370 a

55 1396 178 1456 licerone
192 1406 243 1456 aut
257 1396 358 1457 Asinio
373 1394 560 1458 recessistis?
659 1447 665 1457 .

106 1481 154 1546 16.
168 1480 325 1562 ‘Magnam'
340 1488 442 1564 inquit
452 1485 607 1547 Secundus
622 1482 664 1546 ‘et
677 1487 796 1564 dignam
808 1494 938 1547 tractatu
953 1505 1041 1567 quae·

55 1574 162 1633 tionem
176 1574 302 1633 movisti.
325 1573 377 1633 sed
394 1563 460 1651 qui's
475 1592 538 1633 earn
552 1577 660 1633 iustius
675 1574 832 1652 explicabit
847 1594 935 1654 quam
948 1583 990 1656 tu,
1005 1575 1042 1636 ad

55 1661 121 1720 :uius
144 1678 289 1721 summam
312 1660 509 1743 eruditionem
531 1669 560 1721 et
582 1664 868 1739 praestantissimum
889 1666 1042 1742 ingenium

55 1762 108 1808 tura
122 1767 239 1827 quoque
254 1756 284 1809 ct
297 1749 448 1809 meditatio
463 1744 626 1809 accessiti'

101 1836 139 1896 Et
160 1836 295 1897 Messalla
318 1832 469 1915 ‘aperiam'
495 1839 592 1916 inquit
615 1832 819 1914 ‘cogitationes
842 1855 935 1918 meas,
959 1840 985 1898 si
1008 1839 1068 1898 ils

55 1917 90 1982 lud
102 1943 116 1984 a
131 1924 214 1984 vohis
229 1932 296 1985 ante
310 1927 520 2004 impetravero,
534 1935 568 1985 ut
581 1942 633 1984 vos
648 1942 766 2003 quoque
781 1942 947 1984 sermonem
961 1925 1041 1989 huno

55 2021 172 2073 nostrum
187 2008 352 2073 adiuvetis?
720 2078 723 2083 ,

103 2098 170 2160 ‘Pro
189 2095 316 2161 duobus'
336 2101 432 2178 inquit
451 2099 602 2160 Maternus
617 2096 782 2178 ‘promittot
803 2117 871 2159 nam
889 2107 920 2160 et
938 2118 992 2178 ego
1011 2109 1042 2161 ct

55 2177 191 2249 Moundus
205 2206 402 2267 exsequemur
416 2206 465 2248 eas
479 2197 591 2268 partes,
606 2206 679 2267 quas
692 2187 924 2249 intellexerimus
938 2196 968 2248 te
982 2206 1041 2248 non

55 2274 100 2336 tm*
114 2278 250 2337 omisisse
269 2295 357 2354 quam
374 2276 460 2336 nobis
475 2276 640 2355 reliquisse.
653 2276 766 2354 Aprum
781 2279 860 2337 enim
873 2276 969 2337 solere
983 2277 1041 2337 dis·
1056 2296 1081 2336 ιο

55 2366 147 2424 nothe
171 2371 201 2424 et
224 2371 258 2424 tu
276 2364 363 2442 paulo
382 2372 450 2424 ante
468 2365 569 2425 dixisti
588 2366 699 2443 etipse
718 2366 790 2424 satis
808 2365 982 2425 manifestus
997 2373 1043 2426 cst

55 2460 93 2511 tm
112 2452 226 2512 dudum
244 2453 275 2511 in
294 2454 476 2512 contrarium
492 2454 607 2529 accingi
620 2470 675 2512 nec
690 2470 783 2530 aequo
798 2455 894 2512 animo
908 2454 1042 2530 perferre

55 2547 110 2600 lonc
125 2548 257 2600 nostram
271 2558 325 2618 pro
340 2542 529 2619 antiquorum
544 2539 630 2600 laude
644 2534 853 2600 concordiam?

102 2624 179 2688 ‘Non
194 2623 284 2688 enim'
299 2630 397 2706 inquit
410 2628 489 2706 Aper
508 2624 684 2688 ‘inauditum
698 2635 729 2687 ct
739 2626 926 2687 indefensum
941 2644 1042 2689 saecu·

55 2726 96 2774 lm
120 2724 257 2775 nostrum
275 2719 370 2794 patiar
388 2715 443 2776 hac
461 2723 560 2776 vestra
582 2717 800 2793 conspiratione
818 2715 964 2776 damnari:
987 2715 1040 2777 sed
1055 2736 1080 2777 u

56 2817 90 2864 oc
109 2806 239 2882 primum
258 2803 459 2884 interrogabo,
479 2821 553 2881 quos
571 2807 682 2864 vocetis
701 2804 851 2884 antiquos,
871 2821 960 2883 quam
978 2821 1042 2864 ora·

105 2955 152 3019 15,
168 2963 183 3011 6
202 2954 390 3024 malignitatis
408 2955 571 3010 lenaotus:
590 2954 722 3023 malignis
741 2955 777 3009 iis
795 2956 855 3022 Bb,
874 2955 994 3023 maligni
1012 2955 1043 3008 in

55 3024 155 3094 ⁸(th
175 3024 211 3092 0)
232 3026 290 3081 oF
306 3025 435 3095 (maligni
453 3024 555 3079 iudicis
573 3026 730 3092 Acidalios)
756 3027 760 3093 Ι
786 3031 802 3079 ‘t
820 3024 876 3093 ipsi
896 3029 900 3093 Ι
925 3032 958 3078 13
977 3040 1042 3078 con·

55 3094 114 3150 uiro
133 3095 284 3150 B¹b¹0F¹
309 3099 342 3163 (o.
362 3098 399 3151 od
417 3102 453 3152 21
459 3137 468 3163 ,
483 3099 541 3166 10),
574 3095 692 3162 unquiro
711 3095 844 3161 Ribbeck,
876 3096 911 3160 ef.
932 3095 1041 3150 Minue.

55 3162 91 3222 'el
115 3167 173 3221 Oct.
191 3171 227 3221 13
246 3182 344 3220 causas
363 3165 473 3233 inquiro
502 3168 507 3234 Ι
538 3172 571 3219 14
591 3165 680 3220 Graiis
702 3167 781 3218 Pet:
810 3164 899 3232 gratis
919 3163 1042 3228 (Graecis

55 3237 157 3299 troveto)
183 3239 188 3304 Ι
212 3238 245 3290 ut
262 3237 308 3291 vel
331 3237 463 3305 Wopencr
488 3240 491 3304 Ι
516 3243 548 3290 15
568 3237 603 3289 ab
623 3237 686 3290 add.
710 3235 868 3304 Wesenberg
888 3237 893 3305 Ι
912 3233 962 3287 ille
979 3250 1041 3289 nos:

55 3310 83 3363 te
101 3310 107 3377 Ι
123 3304 237 3361 Nicetes
249 3307 376 3377 Lipsius:
396 3306 504 3375 enitet!
523 3314 554 3362 16
573 3305 760 3374 MitylenesB
776 3306 781 3374 Ι
797 3306 934 3358 concentu
946 3304 1042 3359 Orelli:

55 3380 185 3434 incentus
203 3379 265 3445 Bb,
294 3380 442 3433 contentus
463 3378 520 3431 OF
536 3374 773 3444 (contentionibus
792 3376 829 3428 D.
849 3376 884 3429 Α.
904 3374 956 3430 Fr.
974 3375 1042 3429 Nis-

55 3456 83 3521 o)
104 3449 471 3519 {ltnosFllseutab
493 3444 1041 3518 0F116‚2m0uistis,em.1epstust

58 3521 88 3577 si
109 3536 161 3574 ont.
181 3518 384 3590 BOFlistud
402 3519 451 3572 Bb

78 3617 191 3660 'rhum
205 3616 280 3658 PARS
294 3618 327 3659 11.
851 3612 883 3658 lu
