2378 3982
389 791 665 877 ooaunuu
692 768 919 878 uacum

312 953 420 1052 nu
473 953 966 1052 euentura

560 1125 719 1194 LIBER

205 1306 233 1371 1.
265 1308 421 1370 Germania
447 1308 544 1368 omnls
571 1324 588 1367 a
615 1304 704 1369 Gallis
735 1306 896 1388 Raetisque
927 1314 958 1370 et
984 1307 1079 1370 Pannc

136 1396 240 1458 Rheno
264 1405 295 1458 et
316 1395 449 1457 Danuvio
472 1393 655 1476 fluminibus,
678 1413 696 1456 a
713 1394 855 1457 Sarmatis
874 1396 1021 1477 Dacisque
1040 1417 1079 1459 mr

136 1491 219 1547 metu
239 1493 290 1546 aut
308 1483 460 1546 montibus
479 1489 648 1563 separatur:
676 1490 776 1545 cetera
790 1483 925 1546 Oceanus
940 1485 1045 1566 ambit,
1069 1487 1079 1546 l

137 1575 221 1635 sinus
240 1580 271 1634 et
288 1572 453 1634 insularum
471 1574 605 1633 inmensa
623 1573 717 1652 spatia
735 1572 948 1652 complectens,
976 1592 1073 1652 nuper

110 1662 227 1740 agnitis
248 1660 426 1741 quibusdam
444 1659 582 1740 gentibus
601 1678 635 1722 ac
652 1659 783 1741 regibus,
806 1677 880 1739 quos
894 1659 1004 1721 bellum
1019 1681 1079 1741 aper

136 1749 271 1831 Rhenus,
298 1748 487 1810 Raeticarum
504 1748 623 1828 Alpium
640 1750 791 1810 inaccesso
810 1766 844 1809 ac
862 1751 1079 1828 praecipitium

136 1845 235 1918 ortus,
271 1837 386 1899 modico
414 1836 494 1899 flexu
521 1839 553 1897 in
575 1837 760 1898 occidentem
787 1853 892 1897 versus
920 1839 1079 1914 septentrio

137 1925 253 1987 Oceano
267 1927 418 1988 miscetur.
454 1924 605 1986 Danuvius
623 1925 705 1987 molli
718 1932 749 1986 et
766 1921 928 1987 clementer
942 1925 1021 1985 edito
1035 1944 1079 1985 mc

136 2013 276 2075 Abnobae
293 2016 362 2093 iugo
385 2014 497 2075 effusus
516 2012 611 2091 pluris
630 2012 756 2092 populos
775 2013 851 2093 adit,
883 2007 977 2075 don‘ec
997 2015 1027 2073 in
1046 2013 1079 2074 Ρ(

97 2129 123 2170 ιο
135 2119 310 2252 ppffiitpppre
334 2119 386 2163 sex
405 2100 552 2164 meatibus
571 2108 719 2180 erumpat:
747 2103 907 2180 septimum
930 2119 963 2161 os
986 2101 1076 2181 palud

176 2339 177 2342 ,
203 2274 233 2339 2.
268 2276 353 2357 Ipsos
380 2276 542 2339 Germanos
573 2277 727 2356 indigenas
758 2276 937 2339 crediderim
965 2280 1079 2340 minime

137 2365 261 2427 aliarum
283 2367 417 2444 gentium
440 2365 615 2427 adventibus
638 2372 669 2427 et
690 2365 829 2446 hospitiis
852 2368 973 2446 mixtos,
997 2369 1067 2446 quia

136 2462 218 2516 tarra
231 2453 310 2536 olim,
324 2454 376 2514 sed
386 2453 531 2515 classibus
541 2453 762 2517 advehebantur
776 2456 828 2535 qui
836 2459 952 2516 mutare
962 2455 1077 2535 sedesq

207 2623 236 2678 Β
254 2649 288 2670 =
307 2623 395 2678 codex
413 2622 567 2679 Vaticanus
588 2630 665 2680 1862.
702 2625 772 2680 b-
790 2612 943 2679 Leidensis.
981 2625 1079 2679 0=i

137 2710 223 2777 canus
239 2698 315 2749 1518.
353 2693 632 2776 c-Neapolitonus.
673 2694 835 2776 Lectiones,
859 2694 961 2776 quibus
979 2695 1079 2776 nulia:

123 2765 249 2837 ,adnecto
275 2765 331 2834 est,
360 2765 472 2819 exstant
493 2783 523 2818 m
542 2765 670 2820 ommbus
689 2766 740 2819 aut
757 2765 946 2846 mplensquo
968 2765 1058 2820 hbns.

185 2833 354 2889 Mullenhoff
373 2834 403 2889 in
421 2835 670 2904 commentatione,
699 2851 771 2903 quae
789 2851 925 2906 1mpressa
944 2839 988 2891 est
1005 2837 1033 2890 in
1056 2837 1079 2889 ‘i

137 2905 238 2961 schrift
255 2905 300 2960 fiir
318 2906 467 2960 deutschos
484 2904 656 2959 Alterthum’
677 2904 724 2976 IX,
738 2913 790 2961 223
805 2923 865 2974 sqq.

209 2992 380 3050 CORNELII
414 2993 442 3048 O.
462 2992 632 3048 CORNELH
651 2993 701 3056 Oc)
723 2992 846 3049 ΤΑΟΙΤΙ
862 2992 911 3046 DE
931 2993 1079 3050 ORIGINE

138 3065 220 3122 sluv
242 2997 501 3119 annuendam
523 3061 750 3188 pannium
768 3066 793 3132 c)
815 3063 922 3118 LIBER
939 3066 1026 3133 Boe,
1064 3067 1079 3120 ί

137 3135 236 3192 NELII
254 3132 376 3188 ΤΔΟΙΤΙ
392 3132 441 3186 Du
460 3131 522 3187 Olti
547 3133 617 3189 INE.
638 3133 727 3188 SITV.
741 3133 912 3190 MORIBVS.
927 3134 981 3191 Ac.
996 3135 1079 3191 POPi

137 3202 397 3261 GERMANORVM
414 3202 522 3258 LIBER
540 3206 564 3274 b,
583 3205 618 3258 de
637 3205 694 3258 situ
708 3203 873 3260 Germaniae
892 3206 1079 3276 Reifferscheid

138 3277 194 3334 situ
212 3293 246 3332 ao
262 3272 375 3345 populis
393 3272 559 3330 Germaniae
582 3275 716 3344 Wdtfftirs.

209 3347 261 3416 1‚1
280 3344 432 3414 Raetisque
447 3345 594 3402 Oettortus:
612 3345 748 3417 ostiisque
767 3351 847 3420 (rae,
866 3348 938 3419 rho)
954 3351 959 3419 Ι
975 3355 991 3403 9
1010 3347 1079 3405 Abu

138 3417 301 3476 Rhenanus:
321 3416 443 3472 amobae
459 3418 501 3474 oet
519 3418 642 3473 arbonae
