2378 3982
143 188 210 254 256
493 185 663 241 CORNELII
679 185 799 247 'facim

145 334 224 416 quod
245 337 389 396 innocens
411 332 538 394 Bolanus
561 343 591 394 et
613 333 702 394 nullis
727 332 843 394 delictis
865 334 980 394 invisus
998 335 1151 399 caritatem

143 431 296 504 paraverat
309 421 374 483 loco
388 424 580 483 auctoritatis.

208 509 258 572 17.
282 510 340 571 Sed
354 509 406 571 uhi
424 528 491 571 cum
507 517 606 570 cetero
626 509 699 570 orbe
712 509 909 588 Vespasianus
924 517 955 570 et
968 508 1154 574 Britanniam

144 600 333 679 reciperavit,
352 600 451 677 magni
464 597 568 678 duces,
587 599 699 676 egregii
712 599 875 679 exercitus,
893 600 1011 658 minuta
1026 597 1154 661 hostium

143 705 221 767 spes.
249 696 280 748 et
292 694 438 748 terrorem
452 687 551 746 statim
563 685 664 748 intulit
676 685 799 747 Petilius
813 685 949 766 Cerialis,
967 685 1154 764 Brigantium

144 778 306 856 civitatem,
325 792 400 854 quae
417 776 658 835 numerosissima
678 776 847 852 provinciae
861 776 954 834 totins
967 773 1155 859 perhibetur,

116 864 311 942 sadgressus.
348 861 439 923 multa
457 862 581 942 proclia,
600 870 631 923 et
648 860 805 940 aliqnando
826 879 887 922 non
900 863 1080 943 incruenta3
1103 883 1156 927 ma

145 968 291 1031 gnamquc
311 949 495 1028 Brigantium
517 960 632 1028 partem
650 959 702 1010 aut
724 951 847 1011 victoria
866 948 1023 1028 amplexus
1042 961 1096 1013 est
1113 960 1156 1017 aul

145 1039 230 1100 bello.
258 1046 289 1100 et
307 1037 431 1100 Cerialis
446 1038 565 1117 quidem
583 1038 705 1098 alterius
720 1040 902 1099 successoris
916 1056 1022 1099 curam
1037 1040 1156 1104 lamam

145 1145 204 1207 que
219 1126 390 1203 obruisset:
414 1125 643 1205 sustinuit[que]
667 1126 775 1186 molem
797 1125 890 1186 lulius
909 1125 1099 1210 Frontinus,
1120 1133 1156 1193 vir

144 1233 280 1296 magnus,
300 1223 443 1294 quantum
457 1213 577 1293 licebat,
599 1213 782 1293 validamque
796 1223 827 1274 et
840 1231 1008 1292 pugnacem
1024 1215 1156 1281 Silurum

105 1327 132 1366 ιο
145 1313 263 1382 gentem
276 1305 367 1365 armis
381 1301 512 1382 subegit,
530 1320 620 1380 super
634 1304 773 1362 virtutem
786 1300 918 1363 bostium
931 1300 1078 1366 locorum
1101 1334 1106 1360 t
1123 1331 1143 1359 ‚t

80 1434 85 1444 ·
147 1410 204 1472 qne
219 1391 409 1479 difficultates
424 1389 578 1450 eluctatus.
1181 1452 1186 1488 ,

213 1477 264 1541 18.
282 1478 368 1538 llunc
381 1477 550 1538 Britanniae
569 1484 690 1556 statum,
718 1476 772 1538 has
789 1476 936 1538 bellorum
955 1479 1044 1540 vices
1066 1500 1128 1544 mn
1179 1517 1186 1558 ,

144 1568 204 1627 iam
225 1574 335 1626 aestate
349 1573 553 1644 transgressus
566 1565 701 1643 Agricola
715 1567 836 1646 invenit,
855 1584 922 1627 eum
937 1573 968 1626 et
982 1567 1105 1632 milites
1117 1590 1143 1631 ax

145 1654 190 1714 lut
208 1655 317 1741 omisga
335 1653 528 1731 expeditione,
541 1653 575 1714 ad
595 1655 785 1714 securitatem
805 1661 834 1714 et
852 1652 953 1714 hostes
967 1654 1008 1715 ad
1028 1675 1100 1720 occ
1114 1686 1140 1711 :1
1175 1672 1186 1732 ιε

146 1759 214 1802 nem
237 1750 433 1802 verterentur.
470 1741 648 1802 Ordovicum
671 1743 775 1802 civitas
796 1740 876 1802 haud
894 1740 991 1803 multo
1015 1752 1093 1807 ante
1181 1782 1186 1794 ·

118 1837 266 1893 sventum
283 1831 348 1890 eius
366 1829 441 1890 alam
460 1831 491 1889 in
510 1828 619 1890 linibus
638 1833 700 1889 suis
718 1836 852 1907 agentern
870 1847 964 1908 prope
985 1834 1084 1894 unire

116 2106 119 2111 ’
145 2096 285 2174 opperiri,
304 2111 371 2153 cum
390 2090 534 2171 Agricola,
553 2110 730 2171 quamquam
747 2101 914 2154 transvecta
933 2103 1046 2177 aestas,
1066 2115 1112 2160 st:
1144 2103 1146 2146 t

144 2199 199 2261 per
213 2183 394 2260 provinciam
409 2182 537 2259 numeri,
555 2189 744 2258 praesumpta
759 2181 837 2260 apud
850 2180 976 2245 militem
989 2181 1078 2247 illius
1093 2182 1146 2247 antl
1177 2222 1186 2280 q

106 2293 133 2333 ιι
147 2271 240 2348 quies,
259 2267 344 2328 tarda
360 2275 391 2328 et
404 2271 552 2329 contraria
566 2267 676 2329 bellum
690 2269 874 2350 inchoaturo,
892 2279 923 2330 et
936 2267 1098 2353 plerisque
1177 2308 1186 2367 ,

145 2355 251 2418 stodiri
265 2363 403 2434 suspecta
419 2358 518 2434 potius
533 2355 699 2436 videbatur,
717 2359 762 2418 irc
782 2357 897 2417 obviarn
915 2356 1091 2424 discrimini
1109 2389 1130 2413 2»
1179 2397 1186 2437 ,

145 2445 216 2524 tuit;
244 2446 462 2523 contractisque
480 2444 629 2522 legionum
650 2445 763 2505 vexillis
786 2454 817 2506 et
839 2445 955 2506 modica
975 2448 1092 2511 auxilio
1118 2475 1147 2501 ιι
1180 2485 1186 2526 ,

145 2550 247 2614 manu,
275 2533 344 2611 quia
371 2533 402 2592 in
429 2550 556 2611 aequum
579 2532 701 2611 degredi
723 2532 884 2594 Ordovices
904 2551 964 2595 non
991 2537 1104 2599 audeb
1121 2564 1132 2593 o
1182 2575 1186 2610 ,

145 2622 209 2700 ipse
228 2628 295 2682 ante
314 2638 432 2700 agmen,
455 2639 514 2699 quo
533 2623 642 2681 ceteris
660 2638 714 2699 par
728 2623 843 2681 animus
857 2621 947 2682 simili
960 2624 1103 2700 periculo
1123 2668 1125 2677 ,
1183 2674 1186 2689 .

106 2729 132 2771 rs
146 2715 205 2789 set,
224 2710 318 2769 erexit
336 2711 439 2769 aciem.
466 2726 608 2787 caesaque
628 2726 720 2787 prope
734 2711 872 2770 universa
886 2717 983 2790 gente,
997 2729 1065 2774 non
1096 2740 1102 2785 1
1118 2742 1121 2767 t

145 2813 199 2857 rus
222 2795 391 2856 instandum
410 2796 503 2856 lamae
519 2814 566 2875 ac,
588 2804 678 2874 prout
696 2799 791 2874 prima
808 2799 983 2878 cessissent,
1006 2805 1096 2863 terro
1121 2831 1130 2853 ιι
1150 2831 1152 2852 ι

216 2946 262 3012 17,
277 2953 293 3002 3
311 2945 483 3014 Bregantum
507 2949 512 3017 Ι
536 2952 554 3002 4
571 2947 732 3016 perhiberet
749 2948 777 3001 B
801 2948 806 3016 Ι
835 2947 1055 3029 abrogantium
1074 2955 1097 3023 (·
1109 2977 1139 2997 to

145 3034 214 3075 corr.
232 3018 272 3086 A)
288 3019 291 3080 Ι
308 3024 324 3072 t
343 3015 459 3071 alterius
478 3017 593 3085 quidem
610 3018 728 3074 Hrtbrecr
743 3020 748 3087 Ι
764 3017 957 3090 [successoris]
977 3018 1144 3095 Nipperdey

145 3094 163 3145 8
181 3094 246 3159 post
268 3086 409 3142 obruisset
430 3089 589 3159 Nipperdey
613 3106 673 3144 com
695 3089 760 3144 oliab
779 3090 907 3145 lacunam
924 3091 1026 3146 metuit
1042 3093 1088 3150 sic
1118 3109 1125 3116 ’
1150 3119 1158 3158 ι

144 3160 319 3228 explendam:
336 3156 393 3212 nisi
410 3157 440 3210 in
457 3157 550 3213 medio
568 3174 661 3213 rerum
678 3175 874 3228 prosperarum
891 3175 975 3213 cursu
988 3158 1109 3219 invidis
1128 3195 1132 3208 ι

144 3232 260 3285 vocatus
279 3231 354 3283 esset
369 3235 373 3292 Ι
390 3227 526 3282 sustinuit
541 3229 689 3296 Vielbober,
708 3228 843 3284 sustinuit
860 3228 956 3298 utique
974 3229 999 3284 S
1038 3256 1069 3279 a„
1104 3266 1106 3271 »

145 3299 234 3354 subiit
257 3297 446 3366 sustinuitque
467 3315 517 3354 nos
535 3301 671 3368 macedam
700 3303 705 3370 Ι
735 3307 769 3354 10
786 3299 966 3368 locorumque
983 3299 1014 3354 B
1044 3304 1051 3374 1
1084 3302 1156 3375 m

144 3372 289 3426 uterentur
307 3374 371 3438 (pro
388 3371 544 3437 uterentur)
562 3371 591 3425 A
615 3372 620 3440 Ι
646 3377 662 3425 't
681 3373 725 3440 ac]
744 3386 797 3425 neo
817 3370 1007 3440 Cornelissen!
1028 3377 1046 3428 8
1067 3374 1156 3431 luu-

144 3440 385 3565 actatelihcnonza
404 3447 434 3497 at
451 3442 485 3510 cf.
504 3442 543 3497 H.
561 3444 701 3510 2,76,1s
717 3444 721 3511 Ι
738 3448 771 3496 13
791 3440 908 3511 digredi,
927 3457 973 3497 em.
990 3442 1159 3505 Addo&

146 3516 179 3565 16
226 3527 324 3565 norem
370 3516 413 3566 oot
