2378 3982
287 210 380 264 DIAL.
399 211 447 265 DE
467 210 692 266 ORATORIBUS
712 218 825 266 39-41.
999 212 1064 276 315

49 369 84 422 et
104 361 310 421 severissimae
330 358 410 437 leges
429 359 596 419 traduntur.
632 377 670 419 ne
688 358 881 420 Macedonum
896 361 1015 438 quidem
1030 379 1063 421 ac
1078 383 1103 424 a

50 449 215 510 Persarum
230 455 281 508 aut
295 447 384 508 ullius
399 449 508 527 gentis,
523 465 598 524 quae
613 454 694 508 certo
709 449 833 525 imperio
848 456 987 510 contenta
1002 449 1062 510 iue-

51 540 103 617 rit,
119 536 317 615 eloquentiam
330 537 474 595 novimus.
504 535 612 594 Rhodii
626 536 754 616 quidam,
768 535 890 614 plurimi
904 536 1063 598 Athenien·

52 643 104 685 ses
126 633 258 684 oratores
279 627 454 703 extiterunt,
478 623 555 701 apud
581 641 656 701 quos
682 625 779 684 omnia
800 624 942 703 populus,
965 628 1063 686 omnia

53 715 196 792 imperiti,
219 715 329 793 omnia,
361 718 395 773 ut
409 713 452 771 sic
472 711 612 791 dixerim,
644 729 747 772 omnes
770 719 916 791 poterant.
962 721 1064 774 nostra

54 820 175 881 quoque
190 802 308 878 civitas,
329 799 423 860 donec
438 801 559 880 erravit,
583 799 677 860 donec
696 818 728 860 se
747 800 883 878 partibus
902 808 932 861 et
951 801 1064 862 disson·
1078 824 1108 863 ao

55 889 191 951 sionibus
211 896 242 949 et
259 888 415 948 discordiis
430 887 571 966 confecit,
594 887 688 948 donee
707 888 787 948 nulla
801 889 857 949 luit
871 891 901 949 in
916 889 980 949 loro
998 907 1064 969 pax,

54 976 136 1039 nulla
151 981 182 1037 in
197 985 301 1037 senatu
316 975 487 1055 concordia,
514 974 594 1036 nulla
613 978 644 1036 in
658 975 776 1036 iudiciis
790 978 962 1059 moderatio,
985 976 1064 1038 nulla

57 1067 247 1145 superiorum
271 1065 453 1142 reverentia,
484 1062 583 1124 nullus
606 1066 833 1142 magistratuum
855 1065 970 1145 modus,
996 1066 1064 1126 tulit

56 1157 122 1214 sine
147 1153 238 1214 dubio
257 1152 450 1213 valentiorem
468 1150 679 1232 eloquentiam,
707 1155 785 1214 sicut
810 1153 971 1214 indomitus
995 1171 1064 1231 ager

54 1242 146 1303 habet
164 1241 304 1320 quasdam
322 1239 430 1300 herbas
451 1239 597 1299 laetiores.
629 1241 681 1300 sed
700 1258 756 1302 nec
774 1245 849 1303 tanti
866 1245 913 1303 rei
930 1241 1065 1321 publicae
1078 1262 1104 1303 aa

57 1330 261 1391 Gracchorum
275 1328 442 1406 eloquentia
457 1328 522 1408 luit,
536 1335 570 1388 ut
583 1336 736 1406 pateretur
751 1340 780 1389 et
798 1330 892 1411 leges,
915 1348 970 1391 nec
988 1329 1064 1390 hene

58 1418 164 1479 lamam
178 1417 364 1496 eloquentiae
379 1415 483 1477 Cicero
498 1415 550 1475 tali
564 1418 645 1477 exitu
659 1420 801 1496 pensavit.

123 1504 176 1567 41.
201 1506 250 1565 Sic
273 1522 391 1583 qnoque
415 1504 494 1582 quod
518 1512 657 1582 superest
679 1509 795 1585 antiqui
817 1505 986 1567 oratoribus
1008 1506 1065 1566 tori

57 1613 117 1656 non
146 1594 317 1654 emendatae
345 1611 401 1653 nec
428 1610 524 1670 usque
550 1590 586 1652 ad
609 1600 711 1653 votum
735 1597 914 1673 compositae
939 1596 1066 1655 civitatis

57 1692 267 1762 argumentum
282 1690 336 1741 est.
374 1682 441 1760 quis
456 1681 536 1740 enim
549 1697 604 1740 nos
619 1681 740 1742 advocat
754 1685 812 1743 nisi
826 1692 877 1744 aut
890 1700 1001 1744 nocens
1015 1690 1066 1743 aut

57 1768 171 1832 miser?
202 1770 281 1849 quod
300 1770 494 1847 municipium
512 1770 544 1828 in
562 1768 728 1830 clientelam
746 1778 878 1833 nostram
896 1773 990 1849 venit,
1008 1773 1067 1831 nisi

58 1859 140 1937 quod
163 1866 215 1917 aut
235 1860 351 1918 ricinus
373 1856 501 1936 populus
524 1864 576 1917 aut
598 1856 759 1918 domestica
783 1857 929 1919 discordia
952 1855 1092 1936 agitatlo

10 2007 12 2017 s
58 1962 149 2025 quam
167 1946 348 2023 provinciam
365 1953 486 2006 tuemur
504 1946 563 2005 nisi
580 1946 734 2024 spoliatam
747 1942 961 2025 vexatamque?
983 1948 1066 2024 atqui

58 2033 166 2094 melius
180 2033 286 2094 luisset
299 2051 359 2093 non
374 2034 460 2112 queri
474 2051 562 2110 quam
577 2034 729 2094 vindicari.
758 2036 836 2114 quod
847 2037 872 2095 si
882 2036 1066 2095 inveniretur

10 2167 12 2175 .
59 2123 156 2201 aliqua
170 2124 289 2201 civitas,
310 2124 342 2181 in
357 2139 415 2199 qua
429 2138 515 2180 nemo
534 2129 682 2202 peccaret,
704 2140 906 2202 supervacuus
925 2130 1005 2183 esset
1022 2124 1065 2183 in-

10 2269 11 2284 ,
58 2219 105 2271 ter
124 2213 298 2271 innocentes
316 2219 416 2270 orator
437 2211 515 2269 sicut
528 2210 608 2270 inter
629 2228 716 2270 sanos
730 2210 871 2272 medicus
905 2228 963 2289 quo
978 2209 1065 2270 modo

59 2302 139 2359 enim
153 2300 308 2359 minimum
323 2315 396 2357 usus
405 2299 619 2377 minimumque
633 2298 785 2377 proiectus
798 2317 847 2360 ars
861 2300 1007 2360 medentis
1016 2299 1066 2358 ha·
1082 2317 1107 2357 ιο

60 2388 112 2448 bet
125 2389 157 2448 in
171 2390 209 2447 iis
223 2385 362 2465 gentibus
367 2433 376 2465 ,
400 2403 475 2464 quae
496 2385 663 2446 firmissima
679 2386 845 2448 valetudine
860 2406 894 2448 ac
908 2386 1066 2448 saluberri-

58 2479 116 2535 mis
131 2474 307 2553 corporibus
316 2481 452 2554 utuntnr,
466 2475 509 2533 sic
519 2475 616 2533 minor
625 2479 776 2535 oratorum
790 2475 887 2534 honor
900 2475 1067 2535 obscurior-

60 2581 119 2641 que
139 2562 231 2640 gloria
251 2568 296 2622 est
314 2564 393 2622 inter
410 2561 505 2621 bonos
524 2578 623 2620 mores
644 2568 675 2621 et
691 2563 723 2622 in
742 2562 918 2641 obsequium
936 2564 1066 2641 regentis

59 2658 187 2728 paratos.
216 2650 287 2729 quid
302 2652 380 2710 enim
395 2667 470 2727 opus
487 2656 533 2709 est
546 2649 641 2728 longis
655 2650 687 2708 in
702 2658 806 2711 senatu
821 2652 985 2731 sententiis,
999 2668 1066 2711 cum

61 2741 166 2817 optimi
180 2740 239 2799 cito
254 2734 463 2799 consentiant?
498 2738 569 2816 quid
587 2736 688 2798 multis
707 2740 785 2817 apud
799 2739 941 2818 populum
956 2739 1067 2799 contio·
1082 2754 1107 2795 15

132 2907 178 2975 40,
194 2913 227 2962 15
246 2906 439 2961 sanctissimae
456 2907 536 2975 leges
554 2907 645 2962 Selicio
666 2908 670 2976 Ι
693 2917 724 2963 16
743 2909 821 2964 illius
841 2912 846 2978 Ι
866 2907 1068 2962 2411111111-

58 2976 147 3031 mitus
167 2977 262 3048 (sicuti
279 2976 433 3030 indomitus
449 2978 524 3044 Pot.)
542 2979 546 3047 Ι
562 2983 596 3031 25
614 2977 738 3046 latiores,
753 2997 801 3035 ern.
810 2980 961 3032 Rhenanus
976 2983 980 3042 1
996 2977 1070 3031 tanti

58 3050 144 3103 idem:
162 3051 225 3102 tuta
240 3055 244 3116 Ι
261 3055 294 3103 27
313 3047 418 3101 famam
438 3048 578 3102 Marcius:
596 3048 736 3116 formam!
753 3050 827 3112 41,1
848 3048 956 3115 antiqui
976 3063 1000 3100 o.
1015 3047 1069 3100 fori

60 3120 191 3188 Spenpel:
220 3117 344 3186 antiquis
364 3115 522 3171 oratoribus
541 3118 632 3172 iorum
652 3120 761 3189 (horum
780 3118 832 3186 F1)
853 3120 932 3184 libri,
960 3118 1069 3184 antiqui

60 3190 221 3244 oratoribus
238 3190 339 3243 horum
356 3191 515 3257 temporum
532 3191 672 3257 Briarcus,
696 3192 760 3257 fort.
780 3188 958 3255 antiquorum
977 3194 1069 3242 orato·

59 3261 139 3314 ribus
159 3277 274 3330 operum
302 3264 307 3330 Ι
336 3266 352 3314 2
382 3260 545 3313 emendatae
563 3260 691 3328 Lipsiae:
720 3259 910 3314 emendaret}
937 3261 941 3327 Ι
970 3259 1069 3325 3quis

60 3331 138 3384 enim
157 3334 198 3385 1⁴¹:
218 3331 286 3398 quid
305 3330 380 3385 enim
398 3329 523 3399 (quidem
540 3332 592 3398 13¹)
616 3331 690 3397 quod
717 3347 797 3383 nemo
816 3331 843 3383 B
850 3332 864 3383 b
890 3333 895 3398 1
920 3327 1069 3382 41111111-

59 3402 120 3455 lam
142 3403 284 3457 Pithoeus:
303 3402 468 3469 ciuitatem}
485 3408 518 3455 10
538 3400 612 3455 enim
630 3402 791 3456 Heumann:
810 3400 876 3453 inde
895 3401 956 3465 Bb,
975 3401 1071 3452 tamen

63 3472 122 3526 OF
137 3475 243 3542 (autem
263 3475 421 3535 Michaelis)
450 3473 455 3540 Ι
487 3478 518 3525 12
536 3473 627 3526 honor
646 3474 742 3528 Orelli:
761 3473 860 3526 horum
880 3474 940 3541 (ont.
960 3471 1069 3526 111111-

60 3545 146 3614 111)1
164 3550 195 3598 15
216 3544 331 3613 optima,
349 3561 397 3599 em.
417 3541 567 3598 1111111111
