2378 3982
288 175 383 267 omo.
401 213 449 268 ou
468 213 697 270 osauonmns
715 220 829 270 ea-as.
998 215 1062 282 309

48 361 202 422 sationem
221 370 393 439 susceperat
411 363 472 422 sive
491 361 708 440 defensionem,
727 360 807 421 solus
827 363 926 421 statim
941 371 970 423 et
983 382 1062 424 rinus

10 486 17 544 ,
48 450 236 526 cuicumque
260 466 365 508 causae
387 466 442 526 par
465 457 536 509 erat.
573 468 651 510 nono
674 449 787 509 decimo
809 451 913 509 aetatis
934 468 1009 511 anno
1029 451 1061 512 L.

10 587 13 596 .
48 536 182 598 Crassus
206 535 236 596 C.
259 535 436 615 Carbonem,
463 538 714 601 unaetvicensima
743 536 849 597 Caesar
876 536 1062 618 Dolabellam,

10 677 12 688 ,
49 624 151 685 altero
171 630 202 682 et
218 625 379 684 vicensimo
398 624 517 684 Asinius
531 624 623 683 Pollio
638 625 668 685 C.
684 624 836 703 Catonem,
854 642 914 684 non
935 624 1061 686 multum
1075 647 1101 688 ss

50 717 154 773 aetate
178 711 356 771 antecedens
377 710 481 772 Calvus
496 711 644 772 Vatinium
667 714 704 772 iis
728 712 910 772 orationibus
934 714 1062 774 insecuti

51 807 141 878 sunt,
157 816 230 877 quas
244 799 332 859 hodie
347 817 465 878 quoque
480 817 547 859 cum
562 800 754 860 admiratione
769 799 902 877 legimus.

124 882 179 948 35.
200 886 238 946 at
255 904 336 946 nnnc
354 886 569 947 adulescentuli
586 890 682 948 nostri
700 887 888 947 deducuntur
902 890 933 946 in
948 887 1063 948 scholas

51 977 198 1053 istorum,
222 976 275 1052 qui
293 974 429 1034 rhetores
447 983 599 1053 vocantur,
622 992 696 1053 quos
718 974 805 1053 paulo
825 983 892 1035 ante
912 975 1063 1036 Ciceronis

53 1073 194 1140 tempora
225 1063 358 1122 extitisse
385 1079 441 1122 nec
467 1062 615 1140 placuisse
642 1062 803 1122 maioribus
830 1065 941 1122 nostris
969 1082 1006 1123 ex
1028 1082 1063 1124 eo

54 1148 248 1210 manifestum
271 1156 330 1227 est,
353 1149 432 1228 quod
452 1167 468 1208 a
487 1149 592 1210 Crasso
611 1156 641 1209 et
659 1148 786 1209 Domitio
807 1150 982 1210 censoribus
1004 1151 1064 1212 clu-

56 1237 146 1316 dere,
163 1244 197 1296 ut
220 1239 260 1296 ait
274 1236 391 1315 Cicero,
414 1235 536 1296 ludum
554 1237 798 1315 impudentiae
817 1239 892 1299 iussi
905 1245 983 1298 sunt.
1012 1239 1092 1300 seds

10 1379 13 1388 .
56 1333 94 1384 ut
108 1324 207 1385 dicore
226 1325 426 1402 institueram,
445 1324 635 1385 deducuntur
648 1327 680 1385 in
694 1324 822 1403 scholas,
836 1329 868 1385 r'o
883 1325 991 1404 quibus
1005 1344 1065 1386 non

10 1466 15 1478 ,
55 1409 148 1472 facile
167 1410 292 1471 dixerim
311 1419 450 1472 utrumne
469 1411 553 1472 locus
571 1415 635 1490 ipse
655 1430 691 1472 an
711 1412 906 1491 condiscipuli
920 1432 957 1473 an
971 1432 1065 1492 genus

10 1541 21 1583 ἰ
59 1498 229 1560 studiorum
242 1497 310 1576 plus
325 1499 393 1559 mali
406 1501 533 1576 ingeniis
548 1500 690 1560 adferant.
722 1519 790 1561 nam
809 1503 840 1561 in
854 1501 918 1562 loco
933 1501 1007 1562 nihil
1021 1520 1065 1561 re·

10 1629 25 1669 5
59 1587 211 1655 versutiae
226 1596 284 1666 est,
304 1589 335 1646 in
355 1605 442 1665 quem
457 1605 543 1647 nemo
557 1589 615 1648 nisi
628 1605 721 1665 aeque
735 1591 890 1668 imperitus
904 1591 1008 1670 intret3
1035 1592 1067 1650 in

10 1718 29 1758 „
60 1674 273 1752 condiscipulis
287 1674 362 1734 nihil
374 1674 535 1754 proiectus,
556 1693 624 1735 cum
637 1678 724 1754 pueri
738 1679 816 1736 inter
829 1695 938 1754 pueros
953 1684 984 1738 et
997 1677 1067 1739 adu·
1081 1699 1107 1739 ro

60 1761 218 1824 lescentnli
243 1765 322 1822 inter
341 1762 578 1824 adulescentulos
598 1766 663 1840 pari
682 1766 841 1824 securitate
863 1772 893 1824 et
916 1765 1016 1826 dicant
1038 1775 1068 1827 et

10 1895 32 1935 v,
61 1850 233 1930 audiantur3
260 1853 341 1928 ipsae
364 1868 435 1910 vero
458 1853 683 1912 exercitationes
706 1869 811 1929 magna
834 1861 976 1929 exparte
1000 1871 1067 1913 con-

10 1966 29 2023 „¹
60 1940 179 1999 trariae.
215 1955 322 2016 nempe
340 1939 419 1998 enim
437 1939 496 1999 duo
515 1956 623 2017 genera
637 1941 827 1999 materiarum
841 1939 918 2016 apud
932 1938 1067 1999 rhetoras

62 2033 242 2105 tractantur,
275 2029 424 2086 suasoriae
453 2035 483 2086 et
510 2023 747 2087 controversiae.'
783 2044 818 2086 ex
848 2025 895 2085 his
918 2029 1068 2087 suasoriae

62 2113 194 2194 quidem,
221 2122 371 2191 tamquam
389 2114 474 2192 plane
498 2114 623 2175 leviores
642 2122 672 2175 et
690 2116 789 2174 miuus
807 2113 983 2192 prudentiae
1007 2117 1068 2175 eri·
1083 2135 1108 2177 rs

10 2194 31 2287 ,¹
62 2209 182 2282 gentos,
203 2204 306 2280 pneris
321 2201 506 2282 delegantur,
529 2204 746 2263 controversiae
760 2201 979 2263 robustioribus
994 2201 1069 2262 adsi·

19 2317 25 2327 ·
62 2297 200 2369 guantur,
224 2288 334 2369 quales,
357 2308 412 2368 per
426 2291 523 2371 fidem,
546 2298 576 2351 et
596 2309 683 2370 quam
698 2290 913 2351 incredibiliter
926 2292 1069 2370 composi·

10 2405 29 2460 ,v
62 2376 123 2438 tael
148 2379 284 2456 sequitur
294 2385 401 2457 autem,
419 2386 454 2438 ut
466 2381 606 2438 materiae
620 2378 792 2438 abhorrenti
806 2397 822 2438 a
836 2381 960 2439 veritate
974 2378 1069 2440 decla-

61 2467 153 2527 matio
177 2483 295 2543 qnoque
318 2464 501 2526 adhibeatur.
546 2468 589 2525 sic
608 2467 694 2526 litut
717 2467 967 2544 tyrannicidarum
987 2484 1070 2544 prae·

10 2568 29 2630 p
59 2556 121 2615 mia
135 2561 188 2613 aut
200 2555 370 2614 vitiatarum
384 2553 543 2614 electiones
557 2561 608 2613 aut
621 2552 807 2631 pestilentiae
821 2553 952 2614 remedia
962 2560 1012 2614 aut
1026 2557 1069 2613 in·
1084 2575 1112 2616 ao

10 2673 24 2716 p
59 2648 145 2703 cesta
159 2648 287 2701 matrum
301 2649 352 2702 ant
366 2641 510 2721 quidquid
524 2644 554 2701 in
570 2641 669 2702 schola
688 2641 796 2706 cotidie
815 2642 926 2721 agitur,
956 2643 988 2701 in
1006 2641 1070 2701 loro

10 2855 14 2866 =
136 2827 186 2895 84,
202 2834 235 2883 83
263 2828 377 2899 XVIIII]
405 2845 460 2883 uno
484 2831 513 2882 et
530 2829 661 2883 vicesimo
679 2829 840 2900 Nipperdey
860 2829 962 2884 Phiiol.
983 2828 1072 2896 XIX,

10 2944 11 2951 ,
56 2901 139 2965 5771
155 2904 190 2952 34
207 2899 275 2970 uno]
295 2899 380 2953 tertio
400 2900 592 2969 Piehereoltl'l
611 2899 750 2966 hodieque
770 2899 941 2968 cultam
961 2899 1072 2953 scholas

55 2971 183 3026 istorum
201 2969 313 3038 Haupt:
333 2969 394 3023 seni
413 2972 453 3038 (se
471 2969 502 3021 In
519 2970 556 3035 F,
575 2985 634 3023 sem
649 2969 678 3036 0,
698 2985 810 3023 scenam
829 2971 844 3023 b
863 2971 943 3036 corr.)
962 2968 1071 3022 schola·

55 3039 199 3095 eticorum
216 3039 347 3104 Boou}
367 3045 385 3093 4
404 3055 422 3092 a
440 3039 596 3094 Michoeic'sr
615 3041 651 3092 M.
669 3046 673 3105 Ι
690 3046 705 3092 6
724 3039 755 3091 In
773 3040 836 3093 odd.
856 3039 1050 3106 Seburefleo'scb
1065 3039 1071 3108 Ι

55 3119 74 3166 9
99 3111 145 3163 ost
163 3111 213 3178 (vei
230 3108 351 3179 scilicet)
368 3110 527 3164 Acidula'us:
546 3109 595 3163 sed
614 3112 673 3177 (om.
687 3109 811 3175 maore)
827 3111 832 3176 l
847 3107 936 3160 intret
952 3109 1072 3176 Nipper-

55 3184 126 3250 dey:
146 3179 235 3233 intrat
263 3182 318 3247 113
335 3180 460 3234 rhetores
480 3179 526 3234 bO
552 3184 556 3248 Ι
587 3186 619 3233 14
637 3179 674 3231 iis
693 3179 745 3246 Fr
767 3183 799 3231 15
820 3177 933 3244 quidem
952 3179 967 3231 b
986 3193 1072 3231 corre

57 3250 133 3320 quid
153 3249 278 3318 (quidem
296 3250 332 3317 F,
353 3250 428 3317 quod
448 3250 482 3316 0)
503 3250 557 3304 etsi
575 3250 641 3304 libri
665 3251 668 3315 Ι
696 3254 728 3302 16
748 3247 915 3316 delegrmtur
939 3249 944 3316 l
971 3253 1002 3301 17
1021 3263 1073 3316 per

56 3322 148 3375 fidem
168 3320 235 3374 CF:
264 3321 380 3389 perfidie
397 3322 446 3376 Bb
476 3325 480 3389 Ι
512 3327 544 3373 19
558 3325 622 3388 post
640 3334 750 3386 quoque
769 3320 821 3372 olii
839 3319 918 3372 aliud
935 3318 1072 3386 suppleue-

56 3397 140 3458 rumt,
158 3393 231 3446 velut
249 3391 358 3458 similis,
377 3408 437 3460 par,
456 3391 566 3457 eadem,
587 3386 660 3443 vada
678 3394 724 3444 etc.
744 3391 790 3444 sed
807 3390 915 3443 videtur
933 3387 1072 3441 declama·

57 3462 103 3517 tio
123 3462 169 3517 hic
182 3465 297 3530 proprie
315 3465 348 3516 de
366 3463 487 3516 oratioue
505 3462 616 3528 fucato,
638 3460 728 3530 prcoles
747 3465 785 3514 est
803 3461 949 3513 abhorrens
968 3476 986 3512 a
1003 3458 1071 3513 oeri-

58 3538 128 3598 tate,
147 3533 223 3587 dr'cto
241 3548 294 3587 esse
309 3536 314 3600 Ι
330 3539 363 3586 21
384 3531 520 3599 quidquid
539 3530 616 3585 aliud
634 3530 785 3598 Anderson,
804 3535 834 3584 ot
852 3529 887 3596 ef.
905 3533 1035 3596 c.17,21
