<?xml version="1.0" encoding="UTF-8"?>
<!DOCTYPE html PUBLIC "-//W3C//DTD XHTML 1.0 Transitional//EN"
    "http://www.w3.org/TR/xhtml1/DTD/xhtml1-transitional.dtd">
<html xmlns="http://www.w3.org/1999/xhtml" xml:lang="en" lang="en">
 <head>
  <title>
</title>
<meta http-equiv="Content-Type" content="text/html;charset=utf-8" />
  <meta name='ocr-system' content='tesseract 3.04.00' />
  <meta name='ocr-capabilities' content='ocr_page ocr_carea ocr_par ocr_line ocrx_word'/>
</head>
<body>
  <div class='ocr_page' id='page_1' title='image "./libriquisupersu01tacigoog_0017.png"; bbox 0 0 2378 3982; ppageno 0'>
   <div class='ocr_carea' id='block_1_1' title="bbox 111 141 811 267">
    <p class='ocr_par' dir='ltr' id='par_1_1' title="bbox 111 141 811 267">
     <span class='ocr_line' id='line_1_1' title="bbox 111 141 811 267; baseline 0.001 -12"><span class='ocrx_word' id='word_1_1' title='bbox 111 141 124 168; x_wconf 83' lang='lat'><em>⁰</em></span> <span class='ocrx_word' id='word_1_2' title='bbox 151 203 216 267; x_wconf 79' lang='lat'><strong>228</strong></span> <span class='ocrx_word' id='word_1_3' title='bbox 501 200 672 256; x_wconf 78' lang='lat' dir='ltr'>CORNELII</span> <span class='ocrx_word' id='word_1_4' title='bbox 688 200 811 257; x_wconf 80' lang='grc' dir='ltr'>ΤΔΟΙΤῙ</span> 
     </span>
    </p>
   </div>
   <div class='ocr_carea' id='block_1_2' title="bbox 112 347 1169 2989">
    <p class='ocr_par' dir='ltr' id='par_1_2' title="bbox 151 347 1169 516">
     <span class='ocr_line' id='line_1_2' title="bbox 153 347 1169 431; baseline 0.002 -19"><span class='ocrx_word' id='word_1_5' title='bbox 153 353 280 431; x_wconf 88' lang='lat' dir='ltr'><strong>quisque</strong></span> <span class='ocrx_word' id='word_1_6' title='bbox 294 368 328 411; x_wconf 89' lang='lat' dir='ltr'><strong>ac</strong></span> <span class='ocrx_word' id='word_1_7' title='bbox 342 348 585 411; x_wconf 90' lang='lat' dir='ltr'><strong>bellicosissimus</strong></span> <span class='ocrx_word' id='word_1_8' title='bbox 599 349 674 410; x_wconf 91' lang='lat' dir='ltr'><strong>nihil</strong></span> <span class='ocrx_word' id='word_1_9' title='bbox 687 367 787 429; x_wconf 90' lang='lat' dir='ltr'><strong>agens,</strong></span> <span class='ocrx_word' id='word_1_10' title='bbox 807 347 939 428; x_wconf 89' lang='lat' dir='ltr'><strong>delegata</strong></span> <span class='ocrx_word' id='word_1_11' title='bbox 949 349 1059 410; x_wconf 89' lang='lat' dir='ltr'><strong>domus</strong></span> <span class='ocrx_word' id='word_1_12' title='bbox 1074 359 1109 412; x_wconf 92' lang='lat' dir='ltr'><strong>et</strong></span> <span class='ocrx_word' id='word_1_13' title='bbox 1119 371 1169 431; x_wconf 92' lang='lat' dir='ltr'><strong>pe-</strong></span> 
     </span>
     <span class='ocr_line' id='line_1_3' title="bbox 151 437 1169 516; baseline 0.002 -16"><span class='ocrx_word' id='word_1_14' title='bbox 151 442 266 500; x_wconf 89' lang='lat' dir='ltr'><strong>natium</strong></span> <span class='ocrx_word' id='word_1_15' title='bbox 283 445 314 499; x_wconf 92' lang='lat' dir='ltr'><strong>et</strong></span> <span class='ocrx_word' id='word_1_16' title='bbox 332 455 472 516; x_wconf 91' lang='lat' dir='ltr'><strong>agrorum</strong></span> <span class='ocrx_word' id='word_1_17' title='bbox 491 456 563 499; x_wconf 91' lang='lat' dir='ltr'><strong>cura</strong></span> <span class='ocrx_word' id='word_1_18' title='bbox 581 439 699 498; x_wconf 86' lang='lat' dir='ltr'><strong>leminis</strong></span> <span class='ocrx_word' id='word_1_19' title='bbox 717 437 899 516; x_wconf 84' lang='lat' dir='ltr'>senibusque</span> <span class='ocrx_word' id='word_1_20' title='bbox 913 445 944 497; x_wconf 91' lang='lat' dir='ltr'><strong>et</strong></span> <span class='ocrx_word' id='word_1_21' title='bbox 957 439 1169 502; x_wconf 90' lang='lat' dir='ltr'><strong>infirmissimo</strong></span> 
     </span>
    </p>

    <p class='ocr_par' dir='ltr' id='par_1_3' title="bbox 125 525 1169 960">
     <span class='ocr_line' id='line_1_4' title="bbox 125 525 1169 610; baseline 0 -19"><span class='ocrx_word' id='word_1_22' title='bbox 125 553 138 594; x_wconf 80' lang='lat' dir='ltr'><strong>s</strong></span> <span class='ocrx_word' id='word_1_23' title='bbox 152 529 260 606; x_wconf 89' lang='lat' dir='ltr'><strong>cuique</strong></span> <span class='ocrx_word' id='word_1_24' title='bbox 275 545 311 587; x_wconf 82' lang='lat' dir='ltr'><strong>ex</strong></span> <span class='ocrx_word' id='word_1_25' title='bbox 325 525 442 586; x_wconf 84' lang='lat' dir='ltr'><strong>familia:</strong></span> <span class='ocrx_word' id='word_1_26' title='bbox 462 528 520 604; x_wconf 90' lang='lat' dir='ltr'><strong>ipsi</strong></span> <span class='ocrx_word' id='word_1_27' title='bbox 533 525 652 605; x_wconf 91' lang='lat' dir='ltr'><strong>hebent,</strong></span> <span class='ocrx_word' id='word_1_28' title='bbox 666 527 741 585; x_wconf 93' lang='lat' dir='ltr'><strong>mira</strong></span> <span class='ocrx_word' id='word_1_29' title='bbox 755 525 926 586; x_wconf 87' lang='lat' dir='ltr'><strong>diversitate</strong></span> <span class='ocrx_word' id='word_1_30' title='bbox 940 533 1081 610; x_wconf 88' lang='lat' dir='ltr'><strong>naturae,</strong></span> <span class='ocrx_word' id='word_1_31' title='bbox 1099 548 1169 591; x_wconf 92' lang='lat' dir='ltr'><strong>cum</strong></span> 
     </span>
     <span class='ocr_line' id='line_1_5' title="bbox 151 613 1168 693; baseline 0.002 -16"><span class='ocrx_word' id='word_1_32' title='bbox 151 616 231 677; x_wconf 90' lang='lat' dir='ltr'><strong>idem</strong></span> <span class='ocrx_word' id='word_1_33' title='bbox 248 615 383 675; x_wconf 88' lang='lat' dir='ltr'><strong>homines</strong></span> <span class='ocrx_word' id='word_1_34' title='bbox 402 616 446 674; x_wconf 89' lang='lat' dir='ltr'><strong>sic</strong></span> <span class='ocrx_word' id='word_1_35' title='bbox 464 621 563 674; x_wconf 89' lang='lat' dir='ltr'><strong>ament</strong></span> <span class='ocrx_word' id='word_1_36' title='bbox 580 614 717 673; x_wconf 87' lang='lat' dir='ltr'><strong>inertiam</strong></span> <span class='ocrx_word' id='word_1_37' title='bbox 740 621 770 674; x_wconf 91' lang='lat' dir='ltr'><strong>et</strong></span> <span class='ocrx_word' id='word_1_38' title='bbox 788 613 906 674; x_wconf 91' lang='lat' dir='ltr'><strong>oderint</strong></span> <span class='ocrx_word' id='word_1_39' title='bbox 920 616 1061 693; x_wconf 91' lang='lat' dir='ltr'><strong>quietem.</strong></span> <span class='ocrx_word' id='word_1_40' title='bbox 1103 636 1168 679; x_wconf 92' lang='lat' dir='ltr'><strong>mos</strong></span> 
     </span>
     <span class='ocr_line' id='line_1_6' title="bbox 152 701 1168 781; baseline 0.002 -16"><span class='ocrx_word' id='word_1_41' title='bbox 152 713 199 765; x_wconf 90' lang='lat' dir='ltr'><strong>est</strong></span> <span class='ocrx_word' id='word_1_42' title='bbox 211 702 380 765; x_wconf 85' lang='lat' dir='ltr'><strong>civitatibus</strong></span> <span class='ocrx_word' id='word_1_43' title='bbox 395 701 474 762; x_wconf 92' lang='lat' dir='ltr'><strong>ultro</strong></span> <span class='ocrx_word' id='word_1_44' title='bbox 485 720 520 762; x_wconf 90' lang='lat' dir='ltr'><strong>ac</strong></span> <span class='ocrx_word' id='word_1_45' title='bbox 530 702 639 762; x_wconf 88' lang='lat' dir='ltr'><strong>viritim</strong></span> <span class='ocrx_word' id='word_1_46' title='bbox 650 701 785 762; x_wconf 79' lang='lat' dir='ltr'><strong>conferre</strong></span> <span class='ocrx_word' id='word_1_47' title='bbox 794 702 982 781; x_wconf 91' lang='lat' dir='ltr'><strong>principibus</strong></span> <span class='ocrx_word' id='word_1_48' title='bbox 992 703 1039 763; x_wconf 87' lang='lat' dir='ltr'><strong>vel</strong></span> <span class='ocrx_word' id='word_1_49' title='bbox 1048 722 1168 767; x_wconf 91' lang='lat' dir='ltr'><strong>armen-</strong></span> 
     </span>
     <span class='ocr_line' id='line_1_7' title="bbox 151 789 1168 872; baseline 0.003 -19"><span class='ocrx_word' id='word_1_50' title='bbox 151 799 251 853; x_wconf 81' lang='lat' dir='ltr'><strong>torum</strong></span> <span class='ocrx_word' id='word_1_51' title='bbox 269 791 316 852; x_wconf 86' lang='lat' dir='ltr'><strong>vel</strong></span> <span class='ocrx_word' id='word_1_52' title='bbox 334 791 466 872; x_wconf 82' lang='lat' dir='ltr'><strong>frugum,</strong></span> <span class='ocrx_word' id='word_1_53' title='bbox 488 789 567 870; x_wconf 90' lang='lat' dir='ltr'><strong>quod</strong></span> <span class='ocrx_word' id='word_1_54' title='bbox 585 807 640 868; x_wconf 90' lang='lat' dir='ltr'><strong>pro</strong></span> <span class='ocrx_word' id='word_1_55' title='bbox 658 789 772 850; x_wconf 84' lang='lat' dir='ltr'><strong>honore</strong></span> <span class='ocrx_word' id='word_1_56' title='bbox 786 799 942 870; x_wconf 90' lang='lat' dir='ltr'><strong>acceptum</strong></span> <span class='ocrx_word' id='word_1_57' title='bbox 956 793 1047 852; x_wconf 91' lang='lat' dir='ltr'><strong>etiam</strong></span> <span class='ocrx_word' id='word_1_58' title='bbox 1060 811 1168 856; x_wconf 90' lang='lat' dir='ltr'><strong>neces·</strong></span> 
     </span>
     <span class='ocr_line' id='line_1_8' title="bbox 152 877 1168 960; baseline 0.003 -19"><span class='ocrx_word' id='word_1_59' title='bbox 152 879 290 941; x_wconf 82' lang='lat' dir='ltr'>sitatibus</span> <span class='ocrx_word' id='word_1_60' title='bbox 306 877 452 940; x_wconf 84' lang='lat' dir='ltr'><strong>subvenit.</strong></span> <span class='ocrx_word' id='word_1_61' title='bbox 489 877 619 956; x_wconf 82' lang='lat' dir='ltr'><strong>gaudent</strong></span> <span class='ocrx_word' id='word_1_62' title='bbox 637 881 797 957; x_wconf 91' lang='lat' dir='ltr'><strong>praecipue</strong></span> <span class='ocrx_word' id='word_1_63' title='bbox 815 879 1008 941; x_wconf 86' lang='lat' dir='ltr'><strong>finitimarum</strong></span> <span class='ocrx_word' id='word_1_64' title='bbox 1030 885 1168 960; x_wconf 88' lang='lat' dir='ltr'><strong>gentium</strong></span> 
     </span>
    </p>

    <p class='ocr_par' dir='ltr' id='par_1_4' title="bbox 112 966 1166 1223">
     <span class='ocr_line' id='line_1_9' title="bbox 112 966 1166 1052; baseline 0.004 -24"><span class='ocrx_word' id='word_1_65' title='bbox 112 994 138 1036; x_wconf 79' lang='lat'><strong>10</strong></span> <span class='ocrx_word' id='word_1_66' title='bbox 152 969 250 1048; x_wconf 91' lang='lat' dir='ltr'><strong>donis,</strong></span> <span class='ocrx_word' id='word_1_67' title='bbox 279 985 354 1047; x_wconf 90' lang='lat' dir='ltr'><strong>quae</strong></span> <span class='ocrx_word' id='word_1_68' title='bbox 372 985 432 1027; x_wconf 94' lang='lat' dir='ltr'><strong>non</strong></span> <span class='ocrx_word' id='word_1_69' title='bbox 453 966 540 1027; x_wconf 92' lang='lat' dir='ltr'><strong>modo</strong></span> <span class='ocrx_word' id='word_1_70' title='bbox 561 985 578 1028; x_wconf 98' lang='lat' dir='ltr'><strong>a</strong></span> <span class='ocrx_word' id='word_1_71' title='bbox 592 967 730 1048; x_wconf 90' lang='lat' dir='ltr'><strong>singulis,</strong></span> <span class='ocrx_word' id='word_1_72' title='bbox 748 966 801 1027; x_wconf 89' lang='lat' dir='ltr'><strong>sed</strong></span> <span class='ocrx_word' id='word_1_73' title='bbox 816 975 846 1027; x_wconf 92' lang='lat' dir='ltr'><strong>et</strong></span> <span class='ocrx_word' id='word_1_74' title='bbox 859 968 978 1046; x_wconf 91' lang='lat' dir='ltr'><strong>publice</strong></span> <span class='ocrx_word' id='word_1_75' title='bbox 992 971 1166 1052; x_wconf 90' lang='lat' dir='ltr'><strong>mittuntur,</strong></span> 
     </span>
     <span class='ocr_line' id='line_1_10' title="bbox 152 1055 1166 1138; baseline 0.004 -21"><span class='ocrx_word' id='word_1_76' title='bbox 152 1056 240 1117; x_wconf 90' lang='lat' dir='ltr'><strong>electi</strong></span> <span class='ocrx_word' id='word_1_77' title='bbox 254 1057 337 1135; x_wconf 88' lang='lat' dir='ltr'><strong>equi,</strong></span> <span class='ocrx_word' id='word_1_78' title='bbox 354 1073 459 1134; x_wconf 90' lang='lat' dir='ltr'><strong>magna</strong></span> <span class='ocrx_word' id='word_1_79' title='bbox 478 1073 571 1137; x_wconf 89' lang='lat' dir='ltr'><strong>arma,</strong></span> <span class='ocrx_word' id='word_1_80' title='bbox 593 1055 731 1133; x_wconf 80' lang='lat' dir='ltr'>phalerae</span> <span class='ocrx_word' id='word_1_81' title='bbox 751 1063 947 1138; x_wconf 89' lang='lat' dir='ltr'><strong>torquesque;</strong></span> <span class='ocrx_word' id='word_1_82' title='bbox 960 1059 1060 1118; x_wconf 91' lang='lat' dir='ltr'><strong>iamet</strong></span> <span class='ocrx_word' id='word_1_83' title='bbox 1075 1078 1166 1138; x_wconf 91' lang='lat' dir='ltr'><strong>pecu·</strong></span> 
     </span>
     <span class='ocr_line' id='line_1_11' title="bbox 152 1144 559 1223; baseline -0.007 -17"><span class='ocrx_word' id='word_1_84' title='bbox 152 1146 230 1206; x_wconf 92' lang='lat' dir='ltr'><strong>niam</strong></span> <span class='ocrx_word' id='word_1_85' title='bbox 245 1146 380 1223; x_wconf 89' lang='lat' dir='ltr'><strong>accipere</strong></span> <span class='ocrx_word' id='word_1_86' title='bbox 395 1144 559 1204; x_wconf 83' lang='lat' dir='ltr'><strong>docuimus.</strong></span> 
     </span>
    </p>

    <p class='ocr_par' dir='ltr' id='par_1_5' title="bbox 152 1229 1165 1562">
     <span class='ocr_line' id='line_1_12' title="bbox 221 1229 1164 1310; baseline 0.002 -16"><span class='ocrx_word' id='word_1_87' title='bbox 221 1229 271 1294; x_wconf 89' lang='lat'><strong>16.</strong></span> <span class='ocrx_word' id='word_1_88' title='bbox 293 1231 395 1294; x_wconf 91' lang='lat' dir='ltr'><strong>Nullas</strong></span> <span class='ocrx_word' id='word_1_89' title='bbox 410 1231 623 1292; x_wconf 86' lang='lat' dir='ltr'><strong>Germanorum</strong></span> <span class='ocrx_word' id='word_1_90' title='bbox 641 1231 760 1310; x_wconf 92' lang='lat' dir='ltr'><strong>populis</strong></span> <span class='ocrx_word' id='word_1_91' title='bbox 773 1232 865 1293; x_wconf 90' lang='lat' dir='ltr'><strong>urbes</strong></span> <span class='ocrx_word' id='word_1_92' title='bbox 879 1232 1008 1294; x_wconf 87' lang='lat' dir='ltr'><strong>habitari</strong></span> <span class='ocrx_word' id='word_1_93' title='bbox 1023 1236 1099 1295; x_wconf 91' lang='lat' dir='ltr'><strong>satis</strong></span> <span class='ocrx_word' id='word_1_94' title='bbox 1115 1254 1164 1297; x_wconf 90' lang='lat' dir='ltr'><strong>no·</strong></span> 
     </span>
     <span class='ocr_line' id='line_1_13' title="bbox 153 1319 1165 1402; baseline 0.002 -19"><span class='ocrx_word' id='word_1_95' title='bbox 153 1331 217 1383; x_wconf 93' lang='lat' dir='ltr'><strong>tum</strong></span> <span class='ocrx_word' id='word_1_96' title='bbox 236 1327 293 1402; x_wconf 86' lang='lat' dir='ltr'><strong>est,</strong></span> <span class='ocrx_word' id='word_1_97' title='bbox 316 1339 354 1381; x_wconf 91' lang='lat' dir='ltr'><strong>ne</strong></span> <span class='ocrx_word' id='word_1_98' title='bbox 368 1321 431 1398; x_wconf 92' lang='lat' dir='ltr'><strong>pati</strong></span> <span class='ocrx_word' id='word_1_99' title='bbox 445 1319 566 1399; x_wconf 91' lang='lat' dir='ltr'><strong>quidem</strong></span> <span class='ocrx_word' id='word_1_100' title='bbox 579 1321 658 1380; x_wconf 90' lang='lat' dir='ltr'><strong>inter</strong></span> <span class='ocrx_word' id='word_1_101' title='bbox 673 1338 705 1380; x_wconf 90' lang='lat' dir='ltr'><strong>se</strong></span> <span class='ocrx_word' id='word_1_102' title='bbox 719 1323 836 1381; x_wconf 91' lang='lat' dir='ltr'><strong>iunctas</strong></span> <span class='ocrx_word' id='word_1_103' title='bbox 851 1320 946 1382; x_wconf 89' lang='lat' dir='ltr'><strong>sedes.</strong></span> <span class='ocrx_word' id='word_1_104' title='bbox 980 1321 1087 1384; x_wconf 91' lang='lat' dir='ltr'><strong>colunt</strong></span> <span class='ocrx_word' id='word_1_105' title='bbox 1109 1324 1165 1385; x_wconf 91' lang='lat' dir='ltr'><strong>dis·</strong></span> 
     </span>
     <span class='ocr_line' id='line_1_14' title="bbox 153 1408 1165 1488; baseline 0.003 -18"><span class='ocrx_word' id='word_1_106' title='bbox 153 1410 229 1471; x_wconf 89' lang='lat' dir='ltr'><strong>creti</strong></span> <span class='ocrx_word' id='word_1_107' title='bbox 243 1427 276 1469; x_wconf 93' lang='lat' dir='ltr'><strong>ac</strong></span> <span class='ocrx_word' id='word_1_108' title='bbox 291 1408 409 1485; x_wconf 86' lang='lat' dir='ltr'><strong>diversi,</strong></span> <span class='ocrx_word' id='word_1_109' title='bbox 423 1415 457 1468; x_wconf 95' lang='lat' dir='ltr'><strong>ut</strong></span> <span class='ocrx_word' id='word_1_110' title='bbox 471 1408 545 1488; x_wconf 85' lang='lat' dir='ltr'><strong>lons,</strong></span> <span class='ocrx_word' id='word_1_111' title='bbox 566 1416 600 1468; x_wconf 95' lang='lat' dir='ltr'><strong>ut</strong></span> <span class='ocrx_word' id='word_1_112' title='bbox 614 1426 744 1488; x_wconf 90' lang='lat' dir='ltr'><strong>campus,</strong></span> <span class='ocrx_word' id='word_1_113' title='bbox 758 1417 793 1470; x_wconf 94' lang='lat' dir='ltr'><strong>ut</strong></span> <span class='ocrx_word' id='word_1_114' title='bbox 805 1427 911 1470; x_wconf 88' lang='lat' dir='ltr'><strong>nemus</strong></span> <span class='ocrx_word' id='word_1_115' title='bbox 925 1409 1045 1488; x_wconf 80' lang='lat' dir='ltr'><strong>placuit.</strong></span> <span class='ocrx_word' id='word_1_116' title='bbox 1084 1413 1165 1473; x_wconf 87' lang='lat' dir='ltr'><strong>vicos</strong></span> 
     </span>
     <span class='ocr_line' id='line_1_15' title="bbox 152 1496 1166 1562; baseline 0.003 -5"><span class='ocrx_word' id='word_1_117' title='bbox 152 1497 251 1557; x_wconf 92' lang='lat' dir='ltr'><strong>locant</strong></span> <span class='ocrx_word' id='word_1_118' title='bbox 271 1513 331 1556; x_wconf 92' lang='lat' dir='ltr'><strong>non</strong></span> <span class='ocrx_word' id='word_1_119' title='bbox 349 1496 381 1556; x_wconf 92' lang='lat' dir='ltr'><strong>in</strong></span> <span class='ocrx_word' id='word_1_120' title='bbox 398 1503 535 1556; x_wconf 90' lang='lat' dir='ltr'><strong>nostrum</strong></span> <span class='ocrx_word' id='word_1_121' title='bbox 553 1513 667 1556; x_wconf 92' lang='lat' dir='ltr'><strong>morem</strong></span> <span class='ocrx_word' id='word_1_122' title='bbox 685 1499 805 1557; x_wconf 78' lang='lat' dir='ltr'><strong>conexis</strong></span> <span class='ocrx_word' id='word_1_123' title='bbox 824 1506 854 1558; x_wconf 91' lang='lat' dir='ltr'><strong>et</strong></span> <span class='ocrx_word' id='word_1_124' title='bbox 872 1497 1105 1559; x_wconf 82' lang='lat' dir='ltr'><strong>cohaerentibus</strong></span> <span class='ocrx_word' id='word_1_125' title='bbox 1120 1519 1166 1562; x_wconf 88' lang='lat' dir='ltr'><strong>ae·</strong></span> 
     </span>
    </p>

    <p class='ocr_par' dir='ltr' id='par_1_6' title="bbox 125 1583 1167 2022">
     <span class='ocr_line' id='line_1_16' title="bbox 125 1583 1167 1666; baseline -0.002 -16"><span class='ocrx_word' id='word_1_126' title='bbox 125 1585 274 1650; x_wconf 80' lang='lat' dir='ltr'><strong>edificiis:</strong></span> <span class='ocrx_word' id='word_1_127' title='bbox 297 1601 381 1644; x_wconf 89' lang='lat' dir='ltr'><strong>suam</strong></span> <span class='ocrx_word' id='word_1_128' title='bbox 403 1586 529 1663; x_wconf 87' lang='lat' dir='ltr'><strong>quisque</strong></span> <span class='ocrx_word' id='word_1_129' title='bbox 548 1583 669 1644; x_wconf 91' lang='lat' dir='ltr'><strong>domum</strong></span> <span class='ocrx_word' id='word_1_130' title='bbox 686 1587 781 1663; x_wconf 89' lang='lat' dir='ltr'><strong>spatio</strong></span> <span class='ocrx_word' id='word_1_131' title='bbox 796 1585 969 1666; x_wconf 90' lang='lat' dir='ltr'><strong>circumdat,</strong></span> <span class='ocrx_word' id='word_1_132' title='bbox 983 1587 1045 1646; x_wconf 87' lang='lat' dir='ltr'><strong>sive</strong></span> <span class='ocrx_word' id='word_1_133' title='bbox 1060 1587 1167 1648; x_wconf 89' lang='lat' dir='ltr'><strong>adver·</strong></span> 
     </span>
     <span class='ocr_line' id='line_1_17' title="bbox 153 1633 1169 1749; baseline 0.004 -15"><span class='ocrx_word' id='word_1_134' title='bbox 153 1690 205 1734; x_wconf 89' lang='lat' dir='ltr'><strong>sus</strong></span> <span class='ocrx_word' id='word_1_135' title='bbox 226 1689 313 1732; x_wconf 90' lang='lat' dir='ltr'><strong>casus</strong></span> <span class='ocrx_word' id='word_1_136' title='bbox 331 1672 409 1749; x_wconf 92' lang='lat' dir='ltr'><strong>ignis</strong></span> <span class='ocrx_word' id='word_1_137' title='bbox 427 1672 592 1732; x_wconf 90' lang='lat' dir='ltr'><strong>remedium</strong></span> <span class='ocrx_word' id='word_1_138' title='bbox 611 1674 672 1732; x_wconf 85' lang='lat' dir='ltr'><strong>sive</strong></span> <span class='ocrx_word' id='word_1_139' title='bbox 691 1674 810 1734; x_wconf 88' lang='lat' dir='ltr'><strong>inscitia</strong></span> <span class='ocrx_word' id='word_1_140' title='bbox 830 1633 1013 1734; x_wconf 78' lang='lat' dir='ltr'><strong>aedificandi</strong></span> <span class='ocrx_word' id='word_1_141' title='bbox 1045 1692 1085 1734; x_wconf 90' lang='lat' dir='ltr'><strong>ne</strong></span> <span class='ocrx_word' id='word_1_142' title='bbox 1100 1694 1169 1738; x_wconf 87' lang='lat' dir='ltr'><strong>oae-</strong></span> 
     </span>
     <span class='ocr_line' id='line_1_18' title="bbox 152 1759 1167 1839; baseline 0.006 -19"><span class='ocrx_word' id='word_1_143' title='bbox 152 1768 322 1821; x_wconf 91' lang='lat' dir='ltr'><strong>mentorum</strong></span> <span class='ocrx_word' id='word_1_144' title='bbox 336 1760 455 1839; x_wconf 86' lang='lat' dir='ltr'><strong>quidem</strong></span> <span class='ocrx_word' id='word_1_145' title='bbox 468 1760 547 1839; x_wconf 92' lang='lat' dir='ltr'><strong>apud</strong></span> <span class='ocrx_word' id='word_1_146' title='bbox 561 1759 627 1821; x_wconf 93' lang='lat' dir='ltr'><strong>illos</strong></span> <span class='ocrx_word' id='word_1_147' title='bbox 641 1769 693 1821; x_wconf 92' lang='lat' dir='ltr'><strong>aut</strong></span> <span class='ocrx_word' id='word_1_148' title='bbox 710 1760 877 1839; x_wconf 85' lang='lat' dir='ltr'><strong>tegularum</strong></span> <span class='ocrx_word' id='word_1_149' title='bbox 891 1779 979 1823; x_wconf 90' lang='lat' dir='ltr'><strong>usus:</strong></span> <span class='ocrx_word' id='word_1_150' title='bbox 993 1765 1122 1824; x_wconf 87' lang='lat' dir='ltr'><strong>materia</strong></span> <span class='ocrx_word' id='word_1_151' title='bbox 1133 1765 1167 1826; x_wconf 92' lang='lat' dir='ltr'><strong>ad</strong></span> 
     </span>
     <span class='ocr_line' id='line_1_19' title="bbox 154 1848 1166 1926; baseline 0.004 -17"><span class='ocrx_word' id='word_1_152' title='bbox 154 1850 252 1909; x_wconf 90' lang='lat' dir='ltr'><strong>omnia</strong></span> <span class='ocrx_word' id='word_1_153' title='bbox 274 1856 401 1909; x_wconf 90' lang='lat' dir='ltr'><strong>utuntur</strong></span> <span class='ocrx_word' id='word_1_154' title='bbox 421 1848 542 1910; x_wconf 82' lang='lat' dir='ltr'><strong>informi</strong></span> <span class='ocrx_word' id='word_1_155' title='bbox 566 1856 596 1909; x_wconf 88' lang='lat' dir='ltr'><strong>et</strong></span> <span class='ocrx_word' id='word_1_156' title='bbox 619 1851 693 1909; x_wconf 90' lang='lat' dir='ltr'><strong>citra</strong></span> <span class='ocrx_word' id='word_1_157' title='bbox 714 1850 844 1926; x_wconf 88' lang='lat' dir='ltr'><strong>speciem</strong></span> <span class='ocrx_word' id='word_1_158' title='bbox 863 1856 915 1909; x_wconf 93' lang='lat' dir='ltr'><strong>aut</strong></span> <span class='ocrx_word' id='word_1_159' title='bbox 929 1849 1166 1914; x_wconf 74' lang='lat' dir='ltr'><strong>delectationem</strong></span> 
     </span>
     <span class='ocr_line' id='line_1_20' title="bbox 155 1934 1167 2022; baseline 0.003 -24"><span class='ocrx_word' id='word_1_160' title='bbox 155 1937 299 2017; x_wconf 88' lang='lat' dir='ltr'><strong>quaedam</strong></span> <span class='ocrx_word' id='word_1_161' title='bbox 312 1937 376 1998; x_wconf 90' lang='lat' dir='ltr'><strong>loca</strong></span> <span class='ocrx_word' id='word_1_162' title='bbox 390 1936 562 2015; x_wconf 91' lang='lat' dir='ltr'><strong>diligentius</strong></span> <span class='ocrx_word' id='word_1_163' title='bbox 572 1934 701 1997; x_wconf 87' lang='lat' dir='ltr'><strong>inlinunt</strong></span> <span class='ocrx_word' id='word_1_164' title='bbox 712 1944 793 1997; x_wconf 89' lang='lat' dir='ltr'><strong>terra</strong></span> <span class='ocrx_word' id='word_1_165' title='bbox 799 1937 841 1997; x_wconf 93' lang='lat' dir='ltr'><strong>ita</strong></span> <span class='ocrx_word' id='word_1_166' title='bbox 850 1954 926 2016; x_wconf 93' lang='lat' dir='ltr'><strong>pura</strong></span> <span class='ocrx_word' id='word_1_167' title='bbox 935 1955 969 1998; x_wconf 94' lang='lat' dir='ltr'><strong>ac</strong></span> <span class='ocrx_word' id='word_1_168' title='bbox 979 1937 1167 2022; x_wconf 89' lang='lat' dir='ltr'><strong>splendente,</strong></span> 
     </span>
    </p>

    <p class='ocr_par' dir='ltr' id='par_1_7' title="bbox 115 2022 1168 2457">
     <span class='ocr_line' id='line_1_21' title="bbox 115 2022 1167 2106; baseline 0.001 -17"><span class='ocrx_word' id='word_1_169' title='bbox 115 2049 141 2090; x_wconf 86' lang='grc'><strong>11</strong></span> <span class='ocrx_word' id='word_1_170' title='bbox 154 2033 188 2087; x_wconf 93' lang='lat' dir='ltr'><strong>ut</strong></span> <span class='ocrx_word' id='word_1_171' title='bbox 206 2027 356 2106; x_wconf 90' lang='lat' dir='ltr'><strong>picturam</strong></span> <span class='ocrx_word' id='word_1_172' title='bbox 374 2043 408 2085; x_wconf 85' lang='lat' dir='ltr'><strong>ac</strong></span> <span class='ocrx_word' id='word_1_173' title='bbox 427 2023 598 2084; x_wconf 89' lang='lat' dir='ltr'><strong>liniamenta</strong></span> <span class='ocrx_word' id='word_1_174' title='bbox 616 2022 749 2084; x_wconf 87' lang='lat' dir='ltr'><strong>colorum</strong></span> <span class='ocrx_word' id='word_1_175' title='bbox 768 2026 911 2085; x_wconf 85' lang='lat' dir='ltr'><strong>imitetur.</strong></span> <span class='ocrx_word' id='word_1_176' title='bbox 940 2025 1036 2086; x_wconf 83' lang='lat' dir='ltr'><strong>solent</strong></span> <span class='ocrx_word' id='word_1_177' title='bbox 1051 2035 1083 2086; x_wconf 94' lang='lat' dir='ltr'><strong>et</strong></span> <span class='ocrx_word' id='word_1_178' title='bbox 1097 2030 1167 2090; x_wconf 83' lang='lat' dir='ltr'><strong>suh</strong></span> 
     </span>
     <span class='ocr_line' id='line_1_22' title="bbox 154 2112 1166 2198; baseline 0.004 -24"><span class='ocrx_word' id='word_1_179' title='bbox 154 2123 308 2175; x_wconf 90' lang='lat' dir='ltr'><strong>terraneos</strong></span> <span class='ocrx_word' id='word_1_180' title='bbox 322 2130 430 2191; x_wconf 91' lang='lat' dir='ltr'><strong>specus</strong></span> <span class='ocrx_word' id='word_1_181' title='bbox 449 2113 567 2190; x_wconf 92' lang='lat' dir='ltr'><strong>aperire</strong></span> <span class='ocrx_word' id='word_1_182' title='bbox 587 2129 698 2190; x_wconf 89' lang='lat' dir='ltr'><strong>eosque</strong></span> <span class='ocrx_word' id='word_1_183' title='bbox 708 2112 801 2173; x_wconf 92' lang='lat' dir='ltr'><strong>multo</strong></span> <span class='ocrx_word' id='word_1_184' title='bbox 815 2114 1018 2192; x_wconf 88' lang='lat' dir='ltr'><strong>insupertimo</strong></span> <span class='ocrx_word' id='word_1_185' title='bbox 1029 2126 1166 2198; x_wconf 84' lang='lat' dir='ltr'><strong>onerant,</strong></span> 
     </span>
     <span class='ocr_line' id='line_1_23' title="bbox 155 2199 1168 2282; baseline 0.003 -19"><span class='ocrx_word' id='word_1_186' title='bbox 155 2202 317 2280; x_wconf 81' lang='lat' dir='ltr'><strong>suffugium</strong></span> <span class='ocrx_word' id='word_1_187' title='bbox 329 2199 436 2260; x_wconf 92' lang='lat' dir='ltr'><strong>hiemis</strong></span> <span class='ocrx_word' id='word_1_188' title='bbox 451 2207 482 2260; x_wconf 91' lang='lat' dir='ltr'><strong>et</strong></span> <span class='ocrx_word' id='word_1_189' title='bbox 495 2200 716 2277; x_wconf 89' lang='lat' dir='ltr'><strong>receptaculum</strong></span> <span class='ocrx_word' id='word_1_190' title='bbox 729 2200 875 2282; x_wconf 82' lang='lat' dir='ltr'><strong>frugibus,</strong></span> <span class='ocrx_word' id='word_1_191' title='bbox 890 2204 959 2281; x_wconf 89' lang='lat' dir='ltr'><strong>quia</strong></span> <span class='ocrx_word' id='word_1_192' title='bbox 969 2203 1102 2280; x_wconf 86' lang='lat' dir='ltr'><strong>rigorem</strong></span> <span class='ocrx_word' id='word_1_193' title='bbox 1119 2205 1168 2266; x_wconf 84' lang='lat' dir='ltr'><strong>fri·</strong></span> 
     </span>
     <span class='ocr_line' id='line_1_24' title="bbox 155 2287 1150 2370; baseline 0.004 -21"><span class='ocrx_word' id='word_1_194' title='bbox 155 2307 261 2370; x_wconf 86' lang='lat' dir='ltr'><strong>gorum</strong></span> <span class='ocrx_word' id='word_1_195' title='bbox 279 2290 344 2348; x_wconf 90' lang='lat' dir='ltr'><strong>eius</strong></span> <span class='ocrx_word' id='word_1_196' title='bbox 362 2287 444 2348; x_wconf 91' lang='lat' dir='ltr'><strong>modi</strong></span> <span class='ocrx_word' id='word_1_197' title='bbox 461 2288 519 2349; x_wconf 92' lang='lat' dir='ltr'><strong>loci</strong></span> <span class='ocrx_word' id='word_1_198' title='bbox 539 2288 688 2370; x_wconf 88' lang='lat' dir='ltr'><strong>molliunt,</strong></span> <span class='ocrx_word' id='word_1_199' title='bbox 711 2296 742 2349; x_wconf 93' lang='lat' dir='ltr'><strong>et</strong></span> <span class='ocrx_word' id='word_1_200' title='bbox 755 2291 782 2349; x_wconf 89' lang='lat' dir='ltr'><strong>si</strong></span> <span class='ocrx_word' id='word_1_201' title='bbox 796 2289 913 2367; x_wconf 90' lang='lat' dir='ltr'><strong>quando</strong></span> <span class='ocrx_word' id='word_1_202' title='bbox 927 2289 1022 2350; x_wconf 90' lang='lat' dir='ltr'><strong>hostis</strong></span> <span class='ocrx_word' id='word_1_203' title='bbox 1036 2290 1150 2354; x_wconf 88' lang='lat' dir='ltr'><strong>adveni</strong></span> 
     </span>
     <span class='ocr_line' id='line_1_25' title="bbox 155 2375 1168 2457; baseline 0.004 -19"><span class='ocrx_word' id='word_1_204' title='bbox 155 2385 257 2456; x_wconf 84' lang='lat' dir='ltr'><strong>aperta</strong></span> <span class='ocrx_word' id='word_1_205' title='bbox 283 2376 452 2457; x_wconf 88' lang='lat' dir='ltr'><strong>populatur,</strong></span> <span class='ocrx_word' id='word_1_206' title='bbox 478 2375 578 2437; x_wconf 91' lang='lat' dir='ltr'><strong>abdita</strong></span> <span class='ocrx_word' id='word_1_207' title='bbox 606 2384 704 2437; x_wconf 90' lang='lat' dir='ltr'><strong>autem</strong></span> <span class='ocrx_word' id='word_1_208' title='bbox 731 2384 762 2437; x_wconf 91' lang='lat' dir='ltr'><strong>et</strong></span> <span class='ocrx_word' id='word_1_209' title='bbox 785 2376 902 2439; x_wconf 79' lang='lat' dir='ltr'><strong>defossa</strong></span> <span class='ocrx_word' id='word_1_210' title='bbox 919 2385 971 2438; x_wconf 87' lang='lat' dir='ltr'><strong>aut</strong></span> <span class='ocrx_word' id='word_1_211' title='bbox 988 2379 1168 2456; x_wconf 89' lang='lat' dir='ltr'><strong>ignorantm</strong></span> 
     </span>
    </p>

    <p class='ocr_par' dir='ltr' id='par_1_8' title="bbox 117 2463 832 2546">
     <span class='ocr_line' id='line_1_26' title="bbox 117 2463 832 2546; baseline -0.007 -15"><span class='ocrx_word' id='word_1_212' title='bbox 117 2488 143 2531; x_wconf 88' lang='grc'><strong>11</strong></span> <span class='ocrx_word' id='word_1_213' title='bbox 157 2473 208 2527; x_wconf 93' lang='lat' dir='ltr'><strong>aut</strong></span> <span class='ocrx_word' id='word_1_214' title='bbox 222 2483 256 2526; x_wconf 91' lang='lat' dir='ltr'><strong>eo</strong></span> <span class='ocrx_word' id='word_1_215' title='bbox 270 2467 335 2544; x_wconf 90' lang='lat' dir='ltr'><strong>ipso</strong></span> <span class='ocrx_word' id='word_1_216' title='bbox 350 2463 464 2546; x_wconf 85' lang='lat' dir='ltr'><strong>fallunt,</strong></span> <span class='ocrx_word' id='word_1_217' title='bbox 477 2464 557 2544; x_wconf 88' lang='lat' dir='ltr'><strong>quod</strong></span> <span class='ocrx_word' id='word_1_218' title='bbox 572 2463 739 2543; x_wconf 89' lang='lat' dir='ltr'><strong>quaerenda</strong></span> <span class='ocrx_word' id='word_1_219' title='bbox 753 2474 832 2526; x_wconf 92' lang='lat' dir='ltr'><strong>sunt.</strong></span> 
     </span>
    </p>

    <p class='ocr_par' dir='ltr' id='par_1_9' title="bbox 156 2551 1160 2899">
     <span class='ocr_line' id='line_1_27' title="bbox 225 2551 1154 2636; baseline 0.004 -22"><span class='ocrx_word' id='word_1_220' title='bbox 225 2551 275 2616; x_wconf 82' lang='lat' dir='ltr'><strong>l&#39;l.</strong></span> <span class='ocrx_word' id='word_1_221' title='bbox 298 2552 450 2632; x_wconf 87' lang='lat' dir='ltr'><strong>Tegumen</strong></span> <span class='ocrx_word' id='word_1_222' title='bbox 465 2552 602 2613; x_wconf 91' lang='lat' dir='ltr'><strong>omnibus</strong></span> <span class='ocrx_word' id='word_1_223' title='bbox 617 2571 720 2632; x_wconf 89' lang='lat' dir='ltr'><strong>sagum</strong></span> <span class='ocrx_word' id='word_1_224' title='bbox 733 2553 824 2614; x_wconf 87' lang='lat' dir='ltr'><strong>fibula</strong></span> <span class='ocrx_word' id='word_1_225' title='bbox 838 2562 902 2634; x_wconf 88' lang='lat' dir='ltr'><strong>aut,</strong></span> <span class='ocrx_word' id='word_1_226' title='bbox 926 2555 952 2615; x_wconf 92' lang='lat' dir='ltr'><strong>sl</strong></span> <span class='ocrx_word' id='word_1_227' title='bbox 965 2554 1056 2635; x_wconf 87' lang='lat' dir='ltr'><strong>desit,</strong></span> <span class='ocrx_word' id='word_1_228' title='bbox 1081 2560 1154 2636; x_wconf 91' lang='lat' dir='ltr'><strong>spin</strong></span> 
     </span>
     <span class='ocr_line' id='line_1_28' title="bbox 157 2641 1140 2723; baseline 0.003 -20"><span class='ocrx_word' id='word_1_229' title='bbox 157 2649 340 2704; x_wconf 88' lang='lat' dir='ltr'><strong>consertum:</strong></span> <span class='ocrx_word' id='word_1_230' title='bbox 355 2649 454 2702; x_wconf 83' lang='lat' dir='ltr'><strong>cetera</strong></span> <span class='ocrx_word' id='word_1_231' title='bbox 468 2643 572 2702; x_wconf 90' lang='lat' dir='ltr'><strong>intecti</strong></span> <span class='ocrx_word' id='word_1_232' title='bbox 585 2649 663 2701; x_wconf 93' lang='lat' dir='ltr'><strong>totos</strong></span> <span class='ocrx_word' id='word_1_233' title='bbox 677 2641 741 2702; x_wconf 90' lang='lat' dir='ltr'><strong>dies</strong></span> <span class='ocrx_word' id='word_1_234' title='bbox 754 2643 837 2703; x_wconf 85' lang='lat' dir='ltr'><strong>iuxta</strong></span> <span class='ocrx_word' id='word_1_235' title='bbox 851 2642 950 2703; x_wconf 85' lang='lat' dir='ltr'><strong>locum</strong></span> <span class='ocrx_word' id='word_1_236' title='bbox 963 2650 1052 2721; x_wconf 89' lang='lat' dir='ltr'><strong>atque</strong></span> <span class='ocrx_word' id='word_1_237' title='bbox 1067 2645 1140 2723; x_wconf 83' lang='lat' dir='ltr'><strong>igne</strong></span> 
     </span>
     <span class='ocr_line' id='line_1_29' title="bbox 156 2728 1158 2812; baseline 0.004 -21"><span class='ocrx_word' id='word_1_238' title='bbox 156 2737 256 2810; x_wconf 88' lang='lat' dir='ltr'><strong>agunt</strong></span> <span class='ocrx_word' id='word_1_239' title='bbox 292 2728 519 2808; x_wconf 88' lang='lat' dir='ltr'><strong>locupletissimi</strong></span> <span class='ocrx_word' id='word_1_240' title='bbox 536 2737 618 2790; x_wconf 87' lang='lat' dir='ltr'><strong>veste</strong></span> <span class='ocrx_word' id='word_1_241' title='bbox 632 2729 845 2812; x_wconf 84' lang='lat' dir='ltr'><strong>distinguntur,</strong></span> <span class='ocrx_word' id='word_1_242' title='bbox 858 2748 919 2791; x_wconf 92' lang='lat' dir='ltr'><strong>non</strong></span> <span class='ocrx_word' id='word_1_243' title='bbox 929 2729 1074 2811; x_wconf 89' lang='lat' dir='ltr'><strong>lluitante,</strong></span> <span class='ocrx_word' id='word_1_244' title='bbox 1089 2736 1158 2796; x_wconf 92' lang='lat' dir='ltr'><strong>sicu</strong></span> 
     </span>
     <span class='ocr_line' id='line_1_30' title="bbox 158 2817 1160 2899; baseline 0.006 -21"><span class='ocrx_word' id='word_1_245' title='bbox 158 2817 309 2879; x_wconf 92' lang='lat' dir='ltr'><strong>Sarmatae</strong></span> <span class='ocrx_word' id='word_1_246' title='bbox 323 2835 357 2878; x_wconf 90' lang='lat' dir='ltr'><strong>ac</strong></span> <span class='ocrx_word' id='word_1_247' title='bbox 370 2817 485 2899; x_wconf 88' lang='lat' dir='ltr'><strong>Parthi,</strong></span> <span class='ocrx_word' id='word_1_248' title='bbox 500 2817 551 2878; x_wconf 91' lang='lat' dir='ltr'><strong>sed</strong></span> <span class='ocrx_word' id='word_1_249' title='bbox 565 2819 670 2878; x_wconf 87' lang='lat' dir='ltr'><strong>stricta</strong></span> <span class='ocrx_word' id='word_1_250' title='bbox 684 2825 714 2878; x_wconf 91' lang='lat' dir='ltr'><strong>et</strong></span> <span class='ocrx_word' id='word_1_251' title='bbox 728 2818 860 2896; x_wconf 88' lang='lat' dir='ltr'><strong>singulos</strong></span> <span class='ocrx_word' id='word_1_252' title='bbox 875 2826 958 2880; x_wconf 89' lang='lat' dir='ltr'><strong>artus</strong></span> <span class='ocrx_word' id='word_1_253' title='bbox 972 2822 1160 2899; x_wconf 87' lang='lat' dir='ltr'><strong>exprimente</strong></span> 
     </span>
    </p>

    <p class='ocr_par' dir='ltr' id='par_1_10' title="bbox 130 2905 1157 2989">
     <span class='ocr_line' id='line_1_31' title="bbox 130 2905 1157 2989; baseline 0.001 -19"><span class='ocrx_word' id='word_1_254' title='bbox 130 2930 143 2970; x_wconf 86' lang='lat' dir='ltr'><strong>s</strong></span> <span class='ocrx_word' id='word_1_255' title='bbox 158 2914 266 2987; x_wconf 87' lang='lat' dir='ltr'><strong>gerunt</strong></span> <span class='ocrx_word' id='word_1_256' title='bbox 279 2914 310 2966; x_wconf 93' lang='lat' dir='ltr'><strong>et</strong></span> <span class='ocrx_word' id='word_1_257' title='bbox 324 2905 453 2966; x_wconf 82' lang='lat' dir='ltr'><strong>ferarum</strong></span> <span class='ocrx_word' id='word_1_258' title='bbox 466 2905 572 2986; x_wconf 87' lang='lat' dir='ltr'><strong>pelles,</strong></span> <span class='ocrx_word' id='word_1_259' title='bbox 591 2907 718 2986; x_wconf 87' lang='lat' dir='ltr'><strong>proximi</strong></span> <span class='ocrx_word' id='word_1_260' title='bbox 732 2907 814 2985; x_wconf 91' lang='lat' dir='ltr'><strong>ripae</strong></span> <span class='ocrx_word' id='word_1_261' title='bbox 827 2907 1031 2989; x_wconf 88' lang='lat' dir='ltr'><strong>neglegenter,</strong></span> <span class='ocrx_word' id='word_1_262' title='bbox 1045 2908 1157 2971; x_wconf 90' lang='lat' dir='ltr'><strong>ulterio</strong></span> 
     </span>
    </p>
   </div>
   <div class='ocr_carea' id='block_1_3' title="bbox 152 3038 1157 3603">
    <p class='ocr_par' dir='ltr' id='par_1_11' title="bbox 152 3038 1157 3603">
     <span class='ocr_line' id='line_1_32' title="bbox 229 3038 1157 3122; baseline 0.002 -26"><span class='ocrx_word' id='word_1_263' title='bbox 229 3039 432 3110; x_wconf 69' lang='grc'>1111111111</span> <span class='ocrx_word' id='word_1_264' title='bbox 451 3039 493 3096; x_wconf 81' lang='grc'><strong>01)</strong></span> <span class='ocrx_word' id='word_1_265' title='bbox 548 3046 563 3094; x_wconf 84' lang='lat' dir='ltr'><strong>&#39;l</strong></span> <span class='ocrx_word' id='word_1_266' title='bbox 582 3038 776 3122; x_wconf 84' lang='lat' dir='ltr'><strong>principibus</strong></span> <span class='ocrx_word' id='word_1_267' title='bbox 775 3039 884 3108; x_wconf 80' lang='lat' dir='ltr'><strong>aliquid</strong></span> <span class='ocrx_word' id='word_1_268' title='bbox 902 3041 943 3096; x_wconf 78' lang='lat' dir='ltr'><strong>ed.</strong></span> <span class='ocrx_word' id='word_1_269' title='bbox 961 3043 1061 3110; x_wconf 72' lang='grc'>1111111</span> <span class='ocrx_word' id='word_1_270' title='bbox 1089 3049 1157 3098; x_wconf 84' lang='grc'><strong>101</strong></span> 
     </span>
     <span class='ocr_line' id='line_1_33' title="bbox 157 3083 1157 3184; baseline -0.002 -16"><span class='ocrx_word' id='word_1_271' title='bbox 157 3129 208 3168; x_wconf 88' lang='lat' dir='ltr'><strong>om.</strong></span> <span class='ocrx_word' id='word_1_272' title='bbox 228 3083 318 3180; x_wconf 84' lang='grc'>0111</span> <span class='ocrx_word' id='word_1_273' title='bbox 338 3110 489 3180; x_wconf 77' lang='lat' dir='ltr'><strong>magnilica</strong></span> <span class='ocrx_word' id='word_1_274' title='bbox 542 3111 648 3179; x_wconf 76' lang='grc'>1111111,</span> <span class='ocrx_word' id='word_1_275' title='bbox 672 3127 728 3164; x_wconf 89' lang='grc'>11111</span> <span class='ocrx_word' id='word_1_276' title='bbox 729 3109 942 3182; x_wconf 75' lang='lat' dir='ltr'><strong>gnilachhly</strong></span> <span class='ocrx_word' id='word_1_277' title='bbox 936 3111 1003 3181; x_wconf 86' lang='grc'>1,16</span> <span class='ocrx_word' id='word_1_278' title='bbox 1013 3117 1031 3166; x_wconf 84' lang='grc'><strong><em>4</em></strong></span> <span class='ocrx_word' id='word_1_279' title='bbox 1049 3111 1157 3184; x_wconf 74' lang='lat' dir='ltr'><strong>longer</strong></span> 
     </span>
     <span class='ocr_line' id='line_1_34' title="bbox 156 3181 1146 3251; baseline 0.002 -13"><span class='ocrx_word' id='word_1_280' title='bbox 156 3183 221 3238; x_wconf 83' lang='lat' dir='ltr'><strong>B¹d</strong></span> <span class='ocrx_word' id='word_1_281' title='bbox 237 3186 241 3250; x_wconf 93' lang='grc'><strong>1</strong></span> <span class='ocrx_word' id='word_1_282' title='bbox 260 3187 293 3236; x_wconf 91' lang='lat'><strong>10</strong></span> <span class='ocrx_word' id='word_1_283' title='bbox 310 3181 483 3236; x_wconf 83' lang='lat' dir='ltr'><strong>lineamenta</strong></span> <span class='ocrx_word' id='word_1_284' title='bbox 499 3181 575 3250; x_wconf 85' lang='grc' dir='ltr'><strong>Βο1</strong></span> <span class='ocrx_word' id='word_1_285' title='bbox 590 3181 714 3236; x_wconf 87' lang='lat' dir='ltr'><strong>clerum</strong></span> <span class='ocrx_word' id='word_1_286' title='bbox 734 3183 763 3250; x_wconf 80' lang='lat'><strong>0,</strong></span> <span class='ocrx_word' id='word_1_287' title='bbox 781 3181 907 3237; x_wconf 89' lang='lat' dir='ltr'><strong>locorum</strong></span> <span class='ocrx_word' id='word_1_288' title='bbox 920 3183 1092 3251; x_wconf 79' lang='lat' dir='ltr'><strong>Nipperd,</strong></span> <span class='ocrx_word' id='word_1_289' title='bbox 1113 3203 1146 3240; x_wconf 89' lang='grc'><strong>11</strong></span> 
     </span>
     <span class='ocr_line' id='line_1_35' title="bbox 157 3183 1138 3325; baseline 0.003 -18"><span class='ocrx_word' id='word_1_290' title='bbox 157 3268 257 3322; x_wconf 87' lang='lat' dir='ltr'><strong>porum</strong></span> <span class='ocrx_word' id='word_1_291' title='bbox 275 3252 383 3323; x_wconf 75' lang='lat' dir='ltr'><strong>chhly</strong></span> <span class='ocrx_word' id='word_1_292' title='bbox 402 3255 407 3322; x_wconf 96' lang='grc'><strong>1</strong></span> <span class='ocrx_word' id='word_1_293' title='bbox 426 3183 575 3305; x_wconf 86' lang='lat' dir='ltr'><strong>imitentur</strong></span> <span class='ocrx_word' id='word_1_294' title='bbox 620 3258 670 3308; x_wconf 77' lang='lat' dir='ltr'><strong>‚at</strong></span> <span class='ocrx_word' id='word_1_295' title='bbox 688 3252 727 3307; x_wconf 90' lang='lat' dir='ltr'><strong>H.</strong></span> <span class='ocrx_word' id='word_1_296' title='bbox 746 3252 865 3323; x_wconf 68' lang='lat' dir='ltr'><strong>Saittai</strong></span> <span class='ocrx_word' id='word_1_297' title='bbox 883 3259 915 3307; x_wconf 83' lang='grc'><strong>11</strong></span> <span class='ocrx_word' id='word_1_298' title='bbox 933 3252 1034 3306; x_wconf 87' lang='lat' dir='ltr'><strong>hiemis</strong></span> <span class='ocrx_word' id='word_1_299' title='bbox 1050 3201 1138 3325; x_wconf 49' lang='lat' dir='ltr'><strong>Zeiff</strong></span> 
     </span>
     <span class='ocr_line' id='line_1_36' title="bbox 156 3259 1144 3404; baseline 0.004 -26"><span class='ocrx_word' id='word_1_300' title='bbox 156 3324 335 3404; x_wconf 78' lang='grc' dir='ltr'>11111ἰά111ῑὶ</span> <span class='ocrx_word' id='word_1_301' title='bbox 354 3327 392 3378; x_wconf 84' lang='grc'><strong>46</strong></span> <span class='ocrx_word' id='word_1_302' title='bbox 409 3328 436 3379; x_wconf 81' lang='lat' dir='ltr'><strong>et</strong></span> <span class='ocrx_word' id='word_1_303' title='bbox 454 3322 530 3378; x_wconf 76' lang='lat' dir='ltr'><strong>Ano.</strong></span> <span class='ocrx_word' id='word_1_304' title='bbox 549 3326 576 3389; x_wconf 93' lang='grc'><strong>4,</strong></span> <span class='ocrx_word' id='word_1_305' title='bbox 590 3325 650 3392; x_wconf 83' lang='lat'><strong>66):</strong></span> <span class='ocrx_word' id='word_1_306' title='bbox 668 3322 756 3377; x_wconf 87' lang='lat' dir='ltr'><strong>hiemi</strong></span> <span class='ocrx_word' id='word_1_307' title='bbox 775 3325 850 3391; x_wconf 68' lang='lat' dir='ltr'><strong>titis,</strong></span> <span class='ocrx_word' id='word_1_308' title='bbox 868 3341 907 3380; x_wconf 80' lang='grc'><strong>11</strong></span> <span class='ocrx_word' id='word_1_309' title='bbox 924 3322 1059 3394; x_wconf 73' lang='grc' dir='ltr'>1111111οὲ1</span> <span class='ocrx_word' id='word_1_310' title='bbox 1077 3259 1144 3382; x_wconf 70' lang='lat' dir='ltr'><strong>taffl</strong></span> 
     </span>
     <span class='ocr_line' id='line_1_37' title="bbox 157 3326 1145 3475; baseline 0.004 -27"><span class='ocrx_word' id='word_1_311' title='bbox 157 3392 207 3460; x_wconf 89' lang='lat' dir='ltr'><strong>cis,</strong></span> <span class='ocrx_word' id='word_1_312' title='bbox 225 3410 272 3449; x_wconf 87' lang='lat' dir='ltr'><strong>em</strong></span> <span class='ocrx_word' id='word_1_313' title='bbox 292 3393 648 3466; x_wconf 69' lang='grc' dir='ltr'>,41111ῑί111114[1111111]</span> <span class='ocrx_word' id='word_1_314' title='bbox 669 3326 1145 3477; x_wconf 66' lang='grc' dir='ltr'>Μ1111111117,11111111ὺΙΙδς</span> 
     </span>
     <span class='ocr_line' id='line_1_38' title="bbox 157 3463 1079 3536; baseline 0.003 -19"><span class='ocrx_word' id='word_1_315' title='bbox 157 3464 224 3518; x_wconf 85' lang='lat' dir='ltr'><strong>runt</strong></span> <span class='ocrx_word' id='word_1_316' title='bbox 243 3464 308 3519; x_wconf 79' lang='lat' dir='ltr'><strong>Oet</strong></span> <span class='ocrx_word' id='word_1_317' title='bbox 325 3479 394 3519; x_wconf 83' lang='lat' dir='ltr'><strong>corr.</strong></span> <span class='ocrx_word' id='word_1_318' title='bbox 414 3464 444 3519; x_wconf 78' lang='lat' dir='ltr'><strong>bs</strong></span> <span class='ocrx_word' id='word_1_319' title='bbox 462 3463 556 3518; x_wconf 87' lang='lat' dir='ltr'><strong>ferunt</strong></span> <span class='ocrx_word' id='word_1_320' title='bbox 574 3465 623 3522; x_wconf 82' lang='lat' dir='ltr'><strong>Bb</strong></span> <span class='ocrx_word' id='word_1_321' title='bbox 639 3468 644 3535; x_wconf 96' lang='grc'><strong>1</strong></span> <span class='ocrx_word' id='word_1_322' title='bbox 658 3463 778 3534; x_wconf 87' lang='lat' dir='ltr'><strong>proximi</strong></span> <span class='ocrx_word' id='word_1_323' title='bbox 795 3464 874 3536; x_wconf 82' lang='lat' dir='ltr'><strong>ripse</strong></span> <span class='ocrx_word' id='word_1_324' title='bbox 897 3463 1079 3535; x_wconf 85' lang='lat' dir='ltr'><strong>exquisitius,</strong></span> 
     </span>
     <span class='ocr_line' id='line_1_39' title="bbox 152 3532 559 3603; baseline 0.015 -17"><span class='ocrx_word' id='word_1_325' title='bbox 152 3534 245 3588; x_wconf 77' lang='lat' dir='ltr'><strong>riores</strong></span> <span class='ocrx_word' id='word_1_326' title='bbox 262 3532 441 3603; x_wconf 81' lang='lat' dir='ltr'><strong>negligenter</strong></span> <span class='ocrx_word' id='word_1_327' title='bbox 460 3535 559 3592; x_wconf 75' lang='lat' dir='ltr'><strong>Carrio</strong></span> 
     </span>
    </p>
   </div>
   <div class='ocr_carea' id='block_1_4' title="bbox 0 0 1194 3982">
    <p class='ocr_par' dir='ltr' id='par_1_12' title="bbox 0 0 1194 3982">
     <span class='ocr_line' id='line_1_40' title="bbox 0 0 1194 3982; baseline 0 0"><span class='ocrx_word' id='word_1_328' title='bbox 0 0 1194 3982; x_wconf 95' lang='lat' dir='ltr'><strong> </strong></span> 
     </span>
    </p>
   </div>
  </div>
 </body>
</html>
