2378 3982
386 197 601 255 GERMANIAE
619 206 733 255 ΙΙΙ-ΙΙ.
992 201 1057 266 237

53 347 189 409 :ahulum
212 355 258 408 est
280 363 315 408 ex
334 346 421 407 modo
439 348 556 408 virium.
590 354 734 425 utraeque
753 347 888 408 nationes
906 367 1002 429 usque
1020 350 1057 411 ad

53 437 201 499 lceanum
216 435 318 496 Rheno
336 442 551 514 praetexuntur
565 433 757 512 ambiuntque
771 435 921 496 inmensos
934 440 1085 516 insupers

53 543 133 586 acus
148 533 177 584 et
187 524 325 585 Romanis
339 523 484 584 classibus
494 525 653 601 navigates.
671 524 770 601 ipsum
785 525 856 601 quin
870 526 958 584 etiam
968 524 1057 587 Ocea·
1172 524 1175 532 '

53 631 122 674 rum
137 611 186 672 illa
200 614 422 691 temptavimus:
437 619 468 671 et
482 628 639 689 superesse
653 610 748 671 adhuc
759 610 895 672 Herculis
907 611 1058 676 columnas

53 704 127 761 ama
138 699 275 780 vulgavit,
290 703 351 760 sive
361 698 595 779 adiitHercules,
609 716 662 760 seu
673 698 817 778 quidquid
827 699 938 778 ubique
949 703 1058 778 magni-

52 791 141 850 icum
155 797 209 869 est,
228 791 260 848 in
274 788 437 848 claritatem
452 789 516 848 eius
530 788 643 847 referre
657 790 870 849 consensimus.
894 806 950 848 nec
965 787 1059 850 defuit

53 877 190 938 ludentia
208 876 305 936 Druso
320 875 507 954 Germanico,
526 875 578 936 sed
599 875 714 936 obstitit
728 875 863 936 Oceanus
877 878 909 937 in
923 894 956 937 se
970 875 1059 939 simul
1072 901 1100 943 ro

53 974 141 1042 itque
155 967 186 1024 in
200 961 358 1025 Herculem
372 966 491 1042 inquiri.
509 981 578 1023 mox
591 981 678 1025 nemo
690 966 852 1044 temptavit,
867 967 1058 1045 sanctiusque

53 1072 83 1113 rc
101 1054 286 1113 reverentius
299 1054 394 1113 visum
409 1051 446 1112 de
460 1054 534 1113 actis
549 1052 672 1112 deorum
687 1052 810 1112 credere
824 1071 913 1132 quam
927 1055 1013 1115 seire.

118 1136 170 1201 35.
201 1139 351 1201 Hactenus
377 1141 410 1201 in
438 1141 623 1201 occidentem
646 1139 833 1201 Germaniam
856 1143 1005 1222 novimus3
1027 1144 1059 1203 iu

53 1230 285 1307 septentrionem
298 1230 412 1308 ingenti
426 1227 504 1289 llexu
518 1228 639 1289 recedit.
658 1246 697 1305 ,ac
712 1230 807 1307 primo
819 1231 918 1289 statim
929 1229 1059 1290 Chauco·

53 1336 119 1379 rum
138 1334 210 1396 gens
215 1363 224 1394 ‚
243 1311 420 1396 quamquam
439 1318 561 1395 incipiat
575 1336 591 1376 a
605 1315 710 1377 Frisiis
724 1335 758 1377 ac
771 1325 886 1395 partem
900 1316 996 1377 litoris
1011 1336 1058 1379 oc·

53 1414 155 1485 supet,
173 1406 305 1465 omnium
324 1422 397 1483 quas
415 1407 539 1483 exposui
561 1407 693 1484 gentium
716 1404 858 1466 lateribus
878 1406 1059 1486 optenditur,

53 1495 148 1554 donec
166 1493 198 1552 in
217 1491 338 1552 Chattos
356 1509 451 1569 usque
470 1493 614 1554 sinuetur.
641 1501 701 1554 tam
719 1495 888 1554 inmensum
910 1501 1086 1559 terrarume

53 1582 181 1659 spatium
200 1597 260 1640 nnn
278 1586 382 1640 tenent
400 1585 515 1639 tantum
530 1580 648 1662 Chauci,
666 1580 718 1641 sed
733 1589 763 1642 et
776 1582 913 1663 implent,
931 1583 1059 1663 populus
1119 1646 1120 1650 ,

53 1671 131 1730 inter
142 1669 303 1729 Germanos
313 1665 526 1746 nobilissimus,
536 1669 1061 1746 quiquemagnitudinemsuammalit

53 1759 167 1817 iustitia
181 1758 268 1817 tueri
297 1758 361 1816 sine
380 1754 559 1837 cupididate,
578 1756 642 1814 sine
656 1757 837 1837 impotentia,
856 1760 949 1836 quieti
963 1777 1060 1820 secre-

53 1847 136 1923 tique
159 1844 239 1905 nulla
261 1852 423 1923 provocant
447 1843 536 1924 bella,
564 1841 654 1903 nullis
676 1843 810 1922 raptibus
829 1851 880 1903 aut
898 1844 1060 1907 latrociniis

53 1932 242 2011 populantur.
277 1931 308 1992 id
326 1933 519 2010 praecipuum
537 1932 656 1992 virtutis
675 1949 709 1991 ac
727 1932 836 1991 virium
854 1941 1061 2010 argumentum
1075 1957 1100 1997 ro

53 2030 112 2101 est,
137 2018 229 2099 quod,
251 2027 286 2080 ut
303 2022 473 2097 superiores
492 2028 591 2100 agant,
612 2037 671 2079 non
688 2037 742 2098 per
756 2019 881 2079 iniurias
895 2019 1062 2098 adsequun-

52 2113 117 2188 tur3
137 2115 274 2185 prompta
286 2114 385 2168 tamen
400 2108 537 2168 omnihus
551 2125 631 2168 arma
645 2125 692 2189 ac,
713 2109 741 2167 si
753 2125 803 2167 res
816 2115 921 2185 poscat
935 2106 1061 2185 [exerci-

53 2195 127 2275 tus],
141 2194 302 2274 plurimum
312 2198 444 2256 virorum
453 2213 671 2276 equorumque
685 2202 715 2255 et
724 2195 948 2274 quiescentibus
959 2196 1061 2257 eadem

53 2281 138 2345 lama
186 2341 190 2347 .

120 2368 172 2434 36.
186 2371 219 2432 ln
233 2370 325 2432 latere
339 2372 524 2433 Chaucorum
539 2371 771 2450 Chattorumque
785 2372 929 2434 Cherusci
940 2374 1062 2434 nimiam

53 2473 83 2523 te
98 2467 282 2521 marcentem
296 2460 347 2520 diu
361 2477 464 2539 pacem
477 2459 638 2520 inlacessiti
652 2463 836 2522 nutrierunt:
850 2461 965 2538 idque
956 2478 1061 2521 iucun-

53 2545 121 2611 lius
141 2567 228 2627 quam
247 2549 341 2608 tutius
360 2547 425 2628 luit,
443 2549 512 2625 quia
526 2550 605 2608 inter
622 2550 791 2626 inpotentes
811 2556 842 2607 et
858 2547 970 2607 validos
988 2547 1061 2608 falso

53 2641 204 2716 quiescas:
222 2635 276 2696 uhi
289 2653 378 2696 manu
393 2637 499 2713 agitur,
518 2636 661 2696 modestia
680 2653 713 2695 ac
732 2634 865 2714 probitas
879 2637 999 2695 nomina
1013 2653 1061 2696 su·

53 2727 165 2788 teriori
188 2731 267 2785 sunt
309 2725 351 2783 ita
374 2725 426 2802 qui
449 2723 519 2783 olim
542 2723 612 2784 honi
634 2725 782 2803 aequique
806 2723 957 2804 Cherusci,
981 2742 1089 2790 nunes

124 2893 170 2961 eo,
185 2898 202 2948 e
220 2876 372 2948 rescimus
391 2893 474 2958 (eene.
486 2893 614 2962 neser
629 2891 809 2962 magnificum
828 2893 851 2948 o
867 2899 892 2949 a
909 2895 942 2949 so
959 2910 1061 2950 rasos

53 2981 217 3032 ΙΙΙΙΙΙΙΙΙΙΙΙ
235 2964 264 3018 Β
288 2964 392 3088 kt
357 2963 550 3018 consueuimus
569 2966 605 3019 ei.
631 2969 635 3028 Ι
661 2970 695 3018 10
714 2965 744 3018 et
760 2963 927 3018 Germanico
947 2964 1061 3019 Freins-

53 3038 136 3101 seim,
163 3033 269 3101 Druso,
316 3033 406 3102 eroni,
425 3033 590 3088 Germanico
611 3034 719 3090 Creber
737 3037 795 3089 eoll.
815 3051 838 3091 e.
853 3039 889 3089 37
905 3037 909 3104 Ι
924 3035 970 3100 3ο,
984 3041 1000 3087 2
1020 3049 1061 3087 re·

52 3105 378 3162 cuissiacensem
401 3109 406 3172 Ι
430 3105 550 3174 primum
568 3105 659 3161 Ritter
682 3110 687 3173 Ι
712 3119 860 3159 eaucerem
878 3106 895 3159 h
915 3106 919 3172 Ι
940 3110 956 3157 e
975 3102 1060 3156 Frisii

53 3175 260 3239 RbGlotam
280 3176 349 3231 Cb²e
367 3176 440 3229 Nem
458 3176 527 3243 Bor
548 3181 564 3230 l
583 3191 730 3231 suamom.
750 3174 889 3238 Olmalit
877 3174 941 3228 ΙΙΟ
961 3172 1063 3226 malini

53 3250 87 3315 ³¹
108 3245 212 3299 maluit
228 3246 291 3300 Bo*
316 3249 321 3314 Ι
346 3252 380 3301 10
398 3244 483 3314 idque
502 3246 617 3330 Lepsios
641 3252 646 3314 Ι
673 3252 706 3299 12
725 3246 769 3315 ec]
790 3246 820 3298 eh
837 3247 853 3299 h
870 3252 873 3306 Ι
896 3242 1059 3324 [exercitus]

53 3317 154 3373 Walelt
172 3333 219 3370 em
238 3317 300 3372 ΙΛἸ)
317 3332 346 3384 Ι).
369 3321 437 3384 273,
456 3318 560 3370 exercit
561 3319 589 3371 ui
548 3318 728 3372 sHaaeos
743 3319 748 3382 Ι
766 3321 797 3368 13
816 3313 968 3394 plurimum
987 3313 1062 3367 enim

53 3388 246 3454 Reifferscheid
279 3391 284 3454 Ι
316 3387 363 3453 86,
377 3390 541 3468 epotentes
561 3389 664 3442 Meiser
688 3390 693 3453 Ι
722 3385 871 3438 inomina
889 3387 935 3452 (se
955 3382 1062 3452 inanis)

53 3458 189 3586 papteeppri
207 3457 353 3596 Hemesa.
376 3457 489 3511 nomine
508 3458 659 3538 superioris
676 3456 755 3596 libra)
767 3453 892 3524 (nomine
910 3453 1062 3524 superioris

75 3547 97 3585 ΙΙ
153 3544 233 3598 anus,
335 3529 506 3597 ignominiae
525 3526 662 3598 superiori
680 3542 732 3579 sun
