2378 3982
297 193 390 250 DIAL
409 194 457 250 DE
477 194 704 251 ORATORIBUS
722 203 819 252 8-10.
993 197 1060 263 283

61 360 188 407 amnon
202 350 253 404 aut
267 340 353 403 lason
367 342 478 404 diserte
492 340 647 422 loquitur?
661 345 729 423 quis
743 344 810 405 ideo
825 344 945 406 domum
959 340 1058 407 deien-

61 450 93 495 us
106 439 143 493 et
156 430 217 493 tibi
230 430 376 510 obligatus
390 427 490 492 redit?
509 434 575 510 quis
590 430 719 492 Saleium
738 441 887 512 nostrum,
906 437 1058 512 egregium

61 526 166 583 oetam
185 518 244 601 vel,
267 521 295 579 si
311 519 369 580 hoc
386 518 633 580 honorificentius
652 528 710 601 est,
729 519 997 598 praeclarissimum
1011 541 1058 583 va·

61 626 121 691 uu,
144 607 268 669 deducit
286 615 338 668 aut
355 607 463 669 salutat
481 615 531 669 aut
544 605 758 686 prosequitur?
776 626 881 686 nempe
901 611 928 670 si
945 611 1058 672 amicus
1073 636 1098 676 ro

61 698 124 778 ius,
141 698 169 758 si
186 697 382 776 propinquus,
401 697 428 756 si
447 695 574 774 denique
588 698 652 774 ipse
671 699 702 757 in
716 697 835 775 aliquod
849 698 1002 775 negotium
1014 699 1058 758 in·
1154 732 1156 736 >

61 784 169 866 duent,
187 783 318 845 adhunc
334 783 504 845 Secundum
519 792 655 845 recurret
668 792 720 845 aut
733 785 768 845 ad
783 793 826 865 te,
840 785 981 862 llaterne,
999 802 1059 844 non

61 874 120 959 quia
138 879 227 952 poeta
245 889 292 953 es,
310 889 407 950 neque
422 879 455 931 ut
468 890 523 950 pro
538 890 573 932 eo
588 890 692 934 versus
706 872 810 953 lacias3
828 872 860 932 hi
874 876 953 933 enim
967 872 1058 933 Basso

61 958 130 1027 luni
147 967 322 1042 nascuntur,
339 958 458 1038 pulchri
477 960 596 1038 quidem
615 968 646 1020 et
662 960 795 1039 iucundi,
815 979 941 1040 quorum
959 968 1058 1021 tamen

61 1042 102 1123 tlt
121 1051 220 1111 exitus
241 1056 300 1129 cst,
323 1055 358 1109 ut
380 1066 448 1109 eum
467 1055 529 1108 toto
549 1065 638 1127 anno,
661 1066 715 1126 per
734 1066 836 1107 omues
855 1048 932 1130 dies,
954 1067 1059 1128 magna
1072 1074 1098 1114 ιε

122 1139 183 1199 'um
205 1145 290 1216 parte
314 1154 406 1197 unum
424 1135 533 1196 librum
552 1135 671 1196 excudit
690 1143 720 1196 et
738 1135 935 1216 elucubravit,
954 1154 1058 1214 rogare

147 1232 179 1287 et
196 1224 309 1287 ambire
328 1231 460 1304 cogatur,
479 1231 512 1284 ut
528 1226 589 1284 sint
603 1226 655 1302 qui
669 1224 828 1302 dignentur
843 1224 954 1304 audire,
973 1231 1003 1284 et
1021 1241 1059 1284 uc
1126 1258 1129 1263 ·

97 1313 216 1392 quidem
228 1314 334 1393 gratis3
350 1330 419 1373 nam
432 1319 463 1372 et
476 1311 597 1372 domum
610 1321 763 1373 mutuatur
777 1320 808 1373 et
821 1312 1001 1373 auditorium
1010 1330 1058 1372 ex·

130 1409 144 1462 t
157 1409 187 1463 et
198 1399 340 1462 subsellia
354 1400 494 1461 conducit
508 1407 538 1460 et
552 1399 666 1461 libellos
680 1401 832 1480 dispergit
861 1408 892 1461 et
905 1408 939 1461 ut
952 1401 1058 1461 beatis-

108 1506 144 1551 us
157 1490 363 1551 recitationem
377 1490 441 1548 eius
456 1495 579 1549 eventus
595 1496 802 1570 prosequatur,
821 1491 917 1551 omnis
932 1488 982 1550 illa
994 1488 1058 1548 laus
1072 1514 1098 1554 ro

61 1574 128 1639 aea
141 1594 236 1638 uuum
249 1584 301 1638 aut
314 1576 440 1638 alterum
454 1576 542 1655 diem,
560 1576 690 1638 velutin
708 1577 800 1638 herba
819 1578 865 1638 vel
883 1578 956 1638 tiore
974 1595 1058 1656 prae

61 1671 168 1745 mepta,
190 1665 227 1726 ad
251 1663 361 1726 nullam
380 1671 491 1724 certam
510 1673 540 1724 et
558 1662 682 1724 solidam
700 1668 836 1742 pervenit
854 1667 985 1747 frugem,
1003 1683 1059 1727 nec

61 1760 104 1815 'nt
114 1754 275 1814 amicitiam
288 1752 357 1813 inde
371 1752 465 1812 refert
479 1759 530 1812 aut
540 1750 706 1812 clientelam
715 1759 766 1812 aut
776 1770 949 1814 mansurum
957 1757 989 1813 in
999 1757 1060 1814 ani-

65 1854 102 1901 uo
122 1843 298 1920 cuiusquam
320 1838 511 1922 beneficium,
534 1839 587 1899 sed
610 1839 768 1900 clamorem
791 1857 896 1918 vagum
920 1847 950 1900 et
973 1859 1059 1900 voces

66 1926 153 1990 tanes
172 1937 204 1988 et
220 1927 360 2006 gaudium
378 1927 507 1989 volucre.
538 1926 720 1988 laudavimus
739 1945 834 2004 nuper
852 1935 886 1989 ut
903 1929 1009 1987 miram
1027 1935 1058 1988 et
1072 1951 1098 1991 ce

68 2018 187 2078 amiam
206 2015 377 2095 Vespasiani
394 2015 614 2095 liberalitatem,
637 2014 716 2094 quod
739 2017 899 2093 quingenta
923 2016 1060 2075 sestertia

68 2096 142 2166 lasso
157 2105 305 2166 donasset
329 2104 488 2184 pulchrum
502 2103 533 2164 id
548 2104 676 2183 quidem,
690 2103 902 2182 indulgentiam
916 2104 1059 2181 principis

68 2189 169 2270 ugenio
190 2194 313 2254 mereri:
332 2199 442 2272 quanto
456 2200 555 2253 tamen
568 2191 735 2272 pulchrius,
751 2195 776 2253 si
790 2194 831 2253 ita
844 2210 894 2252 res
907 2190 1059 2252 familiaris

70 2282 163 2361 trigat,
182 2299 215 2343 se
233 2283 331 2360 ipsum
346 2281 458 2361 colere,
480 2298 568 2341 suum
581 2283 700 2359 genium
714 2283 890 2360 propitiare,
913 2298 996 2341 suam
1010 2297 1059 2340 cx·

69 2370 146 2443 periri
159 2368 378 2430 liberalitatem!
397 2368 480 2428 adice
500 2368 578 2447 quod
594 2370 703 2447 poetis,
723 2370 748 2428 si
766 2369 853 2429 modo
872 2369 995 2448 dignum
1008 2368 1058 2429 ali·
1072 2390 1099 2430 eo

69 2457 123 2532 qud
151 2457 304 2518 elaborare
331 2464 362 2516 et
380 2456 498 2517 efficere
521 2455 624 2537 velint,
656 2455 851 2534 relinquenda
874 2459 1058 2516 conversatio

68 2546 216 2606 micorum
230 2552 261 2605 et
274 2544 443 2606 iucunditas
457 2543 549 2624 urbis,
566 2543 729 2604 deserenda
743 2552 842 2604 cetera
856 2543 952 2603 cilicia
966 2550 1059 2620 utque

67 2627 113 2709 ipsi
129 2634 248 2714 dicunt,
263 2635 295 2694 iu
313 2650 435 2693 nemora
455 2640 485 2693 et
498 2631 590 2712 lucos,
609 2632 704 2712 idest
721 2633 753 2691 in
772 2630 959 2692 solitudinem
979 2647 1059 2691 sece-

66 2716 183 2782 dendum
198 2729 252 2781 est

122 2807 171 2871 10.
189 2807 233 2869 Ne
247 2810 346 2886 opinio
361 2808 480 2887 quidem
494 2815 525 2868 et
543 2807 627 2889 lama,
646 2809 696 2869 cui
709 2808 765 2868 soli
779 2808 913 2869 serviunt
931 2816 962 2868 et
980 2808 1059 2887 quod
1146 2819 1149 2825 ·

64 2911 147 2957 uuum
161 2914 227 2957 csse
241 2898 372 2974 pretium
390 2898 485 2956 omnis
499 2895 609 2956 laboris
623 2897 671 2955 sui
688 2895 831 2976 latentur,
850 2914 943 2974 aeque
956 2903 1059 2974 poetas

62 3001 141 3064 quam
149 2992 282 3046 oratores
290 2985 435 3065 sequitur,
446 2986 584 3062 quoniam
592 2984 752 3045 mediocris
761 2989 863 3062 poetas
873 3001 959 3043 nemo
969 2985 1059 3063 novit,

122 3173 151 3239 o,
167 3177 198 3227 11
218 3169 291 3239 eius]
310 3171 354 3225 est
369 3170 419 3226 Bt
435 3173 439 3235 1
456 3177 490 3224 12
509 3170 638 3225 decurret
653 3171 681 3226 J.
696 3170 747 3225 Fr.
765 3169 919 3224 monum
934 3171 939 3235 1
955 3174 990 3223 20
1003 3167 1060 3221 istc
1168 3196 1171 3201 >

61 3241 101 3296 Bb
126 3242 131 3310 Ι
156 3247 189 3296 21
208 3242 375 3310 praecerpta
392 3241 495 3298 Schola:
522 3242 674 3310 praecepta
693 3241 755 3308 OF,
773 3241 907 3310 percepta
924 3239 973 3293 Bt
995 3240 1000 3306 Ι
1025 3245 1059 3293 29

61 3312 167 3382 genium
184 3313 311 3382 lipsius:
329 3310 476 3381 ingenium
490 3314 495 3379 Ι
511 3317 545 3366 30
562 3309 764 3367 liberalitatem
783 3313 864 3367 idem:
882 3309 1057 3379 libertateml

61 3390 84 3439 tt
105 3386 192 3450 utque
211 3385 295 3452 (quae
314 3382 359 3450 F)
376 3382 451 3436 BF:
470 3397 542 3448 quae
562 3381 591 3448 0,
611 3383 640 3436 et
657 3383 723 3438 utlr
744 3384 749 3451 Ι
769 3389 802 3436 33
825 3381 867 3453 [id
885 3380 977 3434 estin
995 3378 1060 3433 soli-

61 3453 192 3526 ·udinem]
212 3454 268 3508 Ad.
285 3452 319 3507 G.
329 3453 425 3524 Laoqe
440 3453 445 3523 Ι
460 3450 655 3520 recedendum,
673 3469 720 3506 ern.
740 3453 832 3509 Schola
847 3457 850 3514 Ι
868 3452 913 3521 10,
928 3457 944 3506 2
964 3466 1059 3506 omnes

61 3525 116 3595 ΞΡ,
136 3542 187 3580 om.
207 3524 348 3594 tiaeque
368 3524 447 3578 Pet:
467 3524 552 3591 atque
566 3523 572 3593 Ι
587 3529 604 3576 3
621 3521 779 3590 insequitur
796 3523 858 3580 B¹b
