2378 3982
145 192 187 257 27
191 192 210 257 8
391 141 402 161 ⁸
490 189 660 245 CORNELII
676 187 797 244 ΤΑΟΙΤΙ

106 365 133 406 10
212 338 289 400 'lum
306 337 356 398 ille
377 332 480 414 ‘leges'
499 338 597 416 inquit
615 332 699 416 ‘quid
717 336 870 397 Maternus
888 333 946 396 sibi
959 333 1111 416 debuerit,
1128 344 1153 397 et

147 444 289 507 agnosces
312 444 387 505 quae
410 425 527 485 audisti.
560 424 640 502 quod
664 426 690 484 si
713 442 771 503 qua
792 425 891 484 omisit
909 422 996 504 Cato,
1021 425 1152 502 sequenti
1186 489 1187 505 ,

146 517 320 577 recitatione
342 512 486 592 Thyestes
509 512 601 592 dioet3
628 512 704 573 hano
724 513 804 572 enim
821 510 1005 590 tragoediam
1023 511 1149 591 disposui
1184 555 1187 594 ,

146 607 205 666 iam
224 611 254 664 et
273 604 352 668 intra
365 619 413 661 me
426 602 491 678 ipse
505 600 636 660 formavi.
664 607 752 679 atque
771 600 837 661 ideo
852 606 1004 660 maturare
1018 599 1091 661 libri
1102 599 1147 662 hu·
1182 628 1187 682 ᾗ

122 723 130 738 ·
146 694 194 752 ius
204 692 364 752 editionem
373 689 490 768 festino,
504 695 538 748 ut
547 688 668 748 dimissa
681 689 781 766 priore
796 705 869 749 cura
879 705 973 749 novae
983 689 1145 768 cogitationi
1180 730 1187 770 p

108 802 134 844 aa
148 787 210 841 toto
226 785 348 857 pectore
362 772 551 838 incumbam?
1179 803 1187 858 ἑ

214 863 305 926 ‘Adeo
325 873 356 926 te
370 865 538 943 tragoediae
557 865 630 924 istae
644 882 704 925 non
719 858 850 944 satiant,’
869 864 968 943 inquit
986 863 1071 944 Aper
1087 860 1144 944 ‘quo
1178 892 1187 946 j

146 957 246 1016 minus
261 955 377 1015 omissis
395 955 562 1013 orationum
581 959 611 1012 et
630 969 787 1013 causarum
805 951 913 1012 studiis
932 969 1021 1012 omne
1038 959 1143 1032 tempos
1178 995 1187 1033 ,j

146 1043 234 1103 modo
258 1044 337 1102 circa
350 1040 496 1122 Medeam,
524 1058 594 1101 ecce
611 1058 691 1101 nuno
712 1041 791 1101 circa
809 1038 969 1119 Thyestem
989 1057 1142 1121 consumes,
1176 1083 1187 1120 :

148 1148 217 1193 oum
230 1137 260 1191 te
274 1137 319 1191 tot
332 1131 495 1190 amicorum
509 1146 623 1209 causae,
638 1136 683 1189 tot
691 1127 875 1189 coloniarum
884 1135 915 1188 ct
924 1129 1144 1209 municipiorum
1176 1180 1186 1202 .,

58 1241 64 1251 ·
108 1244 135 1285 so
148 1218 301 1281 clientelae
323 1220 355 1280 in
378 1219 475 1278 forum
498 1224 616 1295 vocent,
635 1215 744 1294 quibus
764 1219 812 1276 rix
831 1216 999 1297 suffeceris,
1022 1216 1145 1279 etiami

76 1319 82 1329 ·
148 1326 208 1368 non
222 1325 331 1368 norum
340 1306 395 1387 tihi
404 1307 468 1383 ipse
477 1305 836 1385 negotiumimportasses‚
844 1311 880 1366 ut
888 1303 1052 1366 Domitium
1062 1304 1143 1367 etde
1176 1298 1187 1384 ἶ

148 1404 262 1476 tonem,
284 1394 315 1455 id
339 1400 384 1454 est
406 1399 522 1453 nostras
544 1409 661 1470 quoque
679 1393 819 1454 historias
838 1400 868 1454 et
885 1390 1017 1454 Romana
1037 1394 1145 1455 nomint

149 1482 362 1545 Graeculorum
376 1479 484 1541 fabulis
497 1475 694 1558 adgregares?

214 1568 245 1630 4.
258 1569 297 1629 Et
310 1569 472 1630 llaternus:
491 1563 695 1647 ‘perturbarer
708 1568 764 1630 hac
777 1575 828 1629 tua
843 1569 1009 1649 severitate,
1024 1570 1084 1631 nisi
1099 1568 1148 1631 ire

148 1675 244 1738 quens
258 1665 289 1718 et
302 1656 419 1718 assidua
433 1655 520 1718 nobis
534 1658 684 1718 eontentio
697 1658 755 1718 iam
764 1674 858 1736 prope
867 1658 899 1719 in
908 1655 1148 1719 consuetudinem

148 1749 295 1808 vertisset.
327 1764 395 1806 nam
412 1762 468 1806 neo
487 1753 520 1806 tu
538 1747 649 1823 agitare
668 1751 699 1807 et
715 1747 834 1823 insequi
851 1739 954 1825 poetas
972 1747 1149 1827 intermittis,

149 1843 180 1896 et
198 1852 265 1915 ego,
284 1835 333 1896 oui
351 1833 494 1895 desidiam
512 1833 735 1894 advocationum
753 1832 856 1913 obicis,
875 1833 1083 1912 quotidianum
1101 1833 1151 1895 hoe

122 1925 346 2003 opatrocinium
364 1921 565 1983 defendendae
579 1920 721 1982 adversus
734 1928 764 1982 te
777 1923 911 2001 poeticae
925 1939 1062 1984 exerceo.
1099 1938 1151 2002 quo

148 2011 242 2073 laetor
260 2012 354 2089 magis
372 2010 502 2071 oblatum
521 2008 607 2070 nobis
628 2009 770 2090 iudicem,
788 2011 841 2088 qui
853 2027 901 2071 me
915 2009 962 2070 vel
974 2012 1006 2072 in
1021 2010 1152 2073 futurum

148 2109 228 2162 vetet
250 2116 354 2160 versus
374 2098 486 2178 lacere,
509 2096 568 2178 vel,
591 2097 670 2176 quod
688 2099 746 2158 iam
764 2098 880 2175 pridem
899 2105 982 2179 opto,
1005 2115 1063 2161 sua
1086 2117 1153 2179 quo·

149 2206 207 2267 que
222 2188 396 2248 auctoritate
411 2184 574 2265 compellat,
588 2193 622 2245 ut
635 2187 752 2246 omissis
764 2187 928 2247 sorensium
937 2204 1100 2249 causarum
1109 2204 1153 2251 arr

149 2277 268 2354 gustiis,
286 2277 318 2333 in
339 2272 447 2351 quibus
461 2272 534 2332 mihi
548 2275 619 2334 satis
634 2291 783 2353 superque
798 2274 935 2335 sudatum
949 2282 1010 2356 est,
1029 2277 1153 2339 sanctio

68 2381 71 2385 ’
109 2388 136 2427 ιο
148 2381 213 2424 rem
226 2360 305 2421 illam
320 2368 351 2421 et
364 2362 565 2440 augustiorem
579 2361 778 2440 eloquentiam
792 2357 906 2424 colam'

216 2445 245 2512 5.
270 2444 344 2528 ‘Ego
363 2444 444 2510 vero'
464 2451 562 2528 inquit
580 2449 751 2531 Secundus,
780 2446 949 2530 ‘antequam
962 2468 1011 2511 me
1025 2451 1152 2515 iudicem

147 2539 227 2618 Aper
241 2546 372 2618 recuset,
390 2538 494 2599 faciam
514 2538 593 2618 quod
614 2538 701 2616 probi
719 2546 749 2599 et
761 2539 907 2600 moderati
920 2538 1036 2600 iudices
1051 2540 1151 2619 solent,

148 2635 181 2688 ut
194 2630 226 2689 in
239 2628 277 2688 iis
291 2625 509 2706 cognitionibus
522 2645 555 2688 se
569 2634 720 2707 excusent,
737 2628 769 2687 in
784 2627 892 2707 quibus
906 2627 1099 2690 manifestum
1112 2634 1152 2689 est
1185 2681 1187 2714 ἶ

147 2715 269 2777 alteram
284 2715 362 2794 apud
376 2733 427 2776 eos
441 2722 556 2793 partem
570 2716 663 2793 gratia
676 2714 853 2792 praevalere.
884 2717 951 2794 quis
965 2717 1046 2777 enim
1059 2717 1150 2778 nescit

121 2826 134 2868 a
148 2805 297 2864 neminem
310 2802 384 2863 mihi
397 2803 632 2864 coniunctiorem
646 2820 711 2864 esse
726 2811 755 2864 et
769 2821 826 2866 usu
835 2804 980 2866 amicitiae
990 2812 1022 2865 et
1031 2805 1148 2866 assidui·

13 2932 51 2938 ω
147 2899 208 2954 tate
222 2890 411 2952 contubernii
424 2909 512 2970 quam
526 2890 656 2953 Saleium
669 2890 802 2973 Bassum,
816 2909 884 2954 cum
898 2893 1044 2972 optimum
1057 2895 1145 2955 vuum

147 2988 211 3042 tum
225 2979 476 3041 absolutissimum
489 2976 628 3059 poetam?
641 2997 731 3059 porro
746 2981 773 3040 si
785 2982 902 3060 poetica
913 2988 1081 3063 accusatur,
1095 2995 1145 3042 non
1182 3056 1185 3064 Ι

147 3068 238 3131 alium
251 3069 336 3130 video
351 3086 436 3130 reum
450 3063 696 3147 locupletiorem?
1183 3073 1187 3091 =

218 3237 246 3306 e,
262 3244 295 3294 ιο
313 3224 405 3306 aque
423 3237 491 3306 quid
509 3253 571 3292 coe
594 3238 627 3291 eu
645 3235 714 3304 quid
731 3236 793 3305 ee,
811 3235 1061 3306 quercuque,
1080 3233 1145 3292 eu·
1184 3216 1187 3235 '

145 3309 240 3364 buerit
256 3309 426 3379 Nipperdey)
446 3311 451 3378 Ι
471 3314 506 3362 20
525 3307 664 3362 sufficeres
685 3309 750 3362 Pet,
772 3309 776 3376 l
796 3313 830 3362 21
849 3306 1032 3376 imposuisses
1049 3307 1146 3364 Aoede
1185 3355 1187 3377 Ι

145 3378 201 3435 iius
221 3381 225 3448 Ι
245 3381 278 3434 ut
296 3381 359 3435 odd.
377 3380 504 3435 Niebuhr
528 3379 533 3447 Ι
557 3385 592 3434 23
611 3379 810 3448 graecorumb
835 3378 840 3447 Ι
864 3381 1024 3448 aggregans
1043 3372 1145 3446 Orelli!
1186 3382 1187 3388 ’

142 3450 173 3585 Ji,
188 3455 222 3505 10
217 3449 389 3577 ὢὴωῖὶξέ
409 3452 414 3518 Ι
434 3450 491 3518 d,2
510 3449 631 3504 modesti
650 3448 708 3504 oF
725 3452 730 3520 Ι
750 3455 766 3503 3
785 3447 830 3503 bis
847 3446 1148 3520 Bblcogiteiionibut

133 3566 138 3573 ,
168 3534 198 3573 se
275 3563 281 3575 .
328 3522 351 3575 it
385 3536 431 3576 coe
