2378 3982
137 208 203 272 314
489 206 658 260 CORNELII
675 206 793 261 TAOITI

138 355 247 418 cotidie
266 356 396 434 antiquis
415 353 583 416 oratoribus
603 355 825 434 contingebant,
844 373 912 415 cum
926 361 972 415 tot
985 358 1100 434 pariter
1114 376 1146 417 ac

137 452 197 506 tam
212 443 325 504 nobiles
340 444 438 503 lorum
452 451 633 524 coartarent,
652 462 720 505 cum
740 442 892 504 clientelae
912 461 1031 522 quoque
1047 463 1081 505 ac
1095 449 1145 505 tri-

137 533 194 593 bus
208 550 242 592 ao
256 533 487 610 municipiorum
501 533 590 592 etiam
604 531 765 610 legationes
779 549 814 592 ao
831 549 901 610 pars
914 530 1016 592 ltaliae
1030 533 1146 612 pericli-

137 620 270 681 tantibus
284 619 453 699 adstiteret,
477 637 546 680 cum
559 622 591 680 in
605 620 755 699 plerisque
769 619 888 681 iudiciis
902 620 1040 681 crederet
1053 640 1145 700 popu·

97 731 124 773 ao
137 708 184 770 lus
198 709 348 770 Romanus
366 726 421 769 sua
440 710 585 769 interesse
601 709 671 786 quid
685 709 877 770 iudicaretur.
899 711 971 768 satis
986 719 1103 770 constat
1117 711 1145 770 C.

139 797 308 858 Cornelium
327 803 357 857 et
370 795 408 856 M.
423 795 568 857 Scaurum
587 805 617 857 et
631 796 663 855 T.
678 796 817 857 Milonem
836 803 867 856 et
880 795 913 857 L.
926 795 1056 858 Bestiam
1072 806 1102 859 et
1115 798 1144 857 P.

137 885 286 947 Vatinium
305 901 453 945 concursu
473 887 565 945 totius
588 886 715 946 civitatis
734 892 765 946 et
783 893 936 945 accusatos
956 893 987 946 et
1000 886 1146 965 defensos,

138 981 173 1035 ut
187 973 395 1052 frigidissimos
410 991 528 1053 quoque
547 981 679 1033 oratores
698 976 762 1052 ipsa
777 975 918 1033 certantis
932 973 1033 1052 populi
1049 975 1147 1034 studia

139 1065 268 1123 excitare
288 1070 319 1122 st
336 1063 496 1123 incendere
521 1063 685 1141 potuerint„
725 1063 825 1140 itaque
843 1061 966 1122 hercule
984 1064 1048 1122 sius
1067 1064 1148 1123 modi

99 1171 125 1212 ιι
138 1150 207 1211 libri
226 1157 340 1230 extant,
358 1157 393 1211 ut
410 1152 468 1229 ipsi
483 1168 601 1229 quoque
615 1152 668 1229 qui
682 1157 808 1229 egerunt
821 1167 881 1209 non
896 1148 961 1209 aliis
973 1152 1067 1228 magis
1082 1169 1147 1210 ora-

8 1244 11 1252 '
138 1239 270 1299 tionibus
284 1246 470 1299 censeantur.

204 1325 335 1388 40.1am
353 1344 423 1387 vero
443 1328 597 1387 contiones
616 1326 752 1387 assiduae
771 1334 802 1386 et
819 1325 921 1386 datum
942 1328 990 1386 ius
1003 1329 1148 1404 potentis-

138 1417 246 1476 simum
269 1432 417 1494 quemque
442 1414 567 1473 vexandi
594 1421 682 1492 atque
705 1417 769 1492 ipsa
787 1415 1011 1474 inimicitiarum
1038 1414 1149 1494 gloria,

138 1522 206 1565 cum
225 1522 257 1562 se
271 1501 392 1579 plurimi
406 1501 586 1562 disertorum
600 1520 637 1562 ne
652 1502 800 1562 aPuhlico
815 1501 934 1581 quidem
948 1501 1087 1581 Scipione
1098 1513 1150 1563 aut

137 1590 171 1651 L.
194 1589 275 1650 Sulla
305 1597 357 1650 aut
378 1587 430 1650 Cn.
451 1588 591 1667 Pompeio
615 1590 811 1670 abstinerent,
843 1598 873 1650 et
895 1589 1150 1667 adhincessendos

112 1699 124 1739 s
137 1680 290 1757 principes
303 1679 393 1758 viros,
416 1684 450 1739 ut
464 1685 510 1739 est
523 1688 628 1739 natura
642 1678 783 1758 invidiae,
805 1677 908 1756 populi
922 1696 1041 1758 quoque
1056 1687 1089 1739 ut
1104 1679 1149 1738 hi-

46 1785 49 1791 ·
139 1769 267 1828 striones
282 1766 405 1827 auribus
419 1774 588 1846 uterentur,
603 1774 745 1846 quantum
760 1767 896 1827 ardorem
909 1768 1051 1846 ingeniis,
1074 1785 1150 1846 quas

138 1855 307 1917 oratoribus
330 1854 409 1916 laces
432 1854 638 1916 admovebant!
683 1873 743 1916 non
766 1855 804 1915 de
826 1855 921 1915 otiosa
943 1862 973 1915 et
996 1857 1150 1933 quietare

138 1944 289 2024 loquimur
312 1950 343 2005 et
365 1960 441 2023 quae
463 1943 611 2021 probitate
634 1951 664 2004 et
685 1943 829 2004 modestia
852 1941 991 2021 gaudeat,
1018 1944 1072 2004 sed
1104 1954 1150 2004 est

138 2051 243 2111 magua
266 2031 316 2092 illa
339 2039 371 2091 et
392 2031 538 2092 notabiles
560 2031 727 2109 eloquentia
752 2031 869 2091 alumna
886 2030 1036 2110 licentiae,
1059 2051 1150 2111 quam

99 2140 124 2180 ιι
139 2128 167 2181 st
154 2120 223 2181 tulti
245 2120 412 2180 libertatem
435 2127 555 2198 vocant,
586 2137 686 2180 comes
709 2120 901 2198 seditionum,
934 2119 1068 2180 effrenati
1098 2140 1149 2199 po-

137 2209 202 2286 puli
220 2211 460 2287 incitamentum,
482 2210 546 2267 sine
567 2206 722 2288 obsequio,
746 2209 810 2268 siue
828 2209 972 2288 veritate,
981 2215 1149 2289 contumax,

137 2297 294 2356 temeraria
296 2288 473 2375 ,adrogans
494 2312 569 2372 quae
583 2296 614 2355 in
629 2294 704 2355 bene
719 2297 889 2355 constitutis
904 2295 1073 2356 civitatibus
1089 2317 1148 2357 nan

139 2385 244 2446 oritur
273 2399 362 2462 quem
376 2383 456 2443 enim
470 2391 617 2443 oratorem
631 2382 909 2463 Lacedaemonium,
923 2401 1012 2463 quem
1027 2384 1147 2445 Creten-

138 2490 202 2533 sem
227 2466 419 2550 acoepimus?
456 2489 582 2552 quarum
605 2473 757 2532 civitatum
782 2472 968 2532 severissima
991 2471 1146 2552 disciplina

137 2694 314 2762 importunus
341 2694 546 2761 Weissenborn,
575 2696 639 2762 fort
668 2692 796 2763 protinus
821 2693 862 2747 oet
886 2692 962 2747 ultro
986 2695 1044 2749 ooli.
1072 2711 1094 2750 ι.
1113 2699 1144 2748 19

137 2771 204 2819 ιιιι
221 2767 226 2832 Ι
246 2766 295 2844 itti
312 2770 345 2818 17
363 2765 472 2819 nobiles
490 2765 617 2819 homines
639 2765 723 2819 Orelli
738 2775 742 2828 ι
759 2769 792 2817 19
812 2761 977 2818 assisterent
995 2764 1145 2819 Rhenanus

137 2833 200 2961 pto
220 2833 269 2900 qui
286 2833 416 2901 legerunt
432 2850 532 2889 nona.
551 2852 587 2890 m.
607 2850 632 2888 o
651 2834 840 2888 ascendantur
857 2833 1000 2889 Aadresea
1028 2838 1033 2904 Ι
1062 2835 1116 2902 40,
1130 2842 1144 2888 4

186 2905 250 2960 aaa.
269 2904 362 2959 Ritter
394 2905 399 2973 Ι
428 2906 495 2960 but
512 2904 658 2973 histr.]et
630 2904 760 2958 ethistr
780 2903 889 2974 (populi
909 2905 1012 2973 poetae
1036 2922 1144 2972 quoque

138 2978 168 3030 ot
188 2973 340 3035 histriones
364 2991 423 3030 aur.
447 2975 566 3042 Vahlea,
597 2975 747 3029 histriones
774 2990 885 3042 quoque
911 2974 1010 3044 populi
1033 2976 1145 3029 auribus

138 3047 299 3114 Acidaliae,
334 3044 433 3115 populi
468 3061 579 3112 quoque
614 3048 647 3099 ut
681 3043 832 3098 histriones
863 3043 1010 3113 plausibus
1043 3047 1145 3109 Haase

137 3115 236 3186 populi
259 3133 369 3184 quoquo
398 3119 427 3170 et
448 3115 540 3186 plebis
562 3114 658 3184 pronis
681 3115 794 3169 auribus
822 3114 1023 3183 Weissenborn,
1050 3097 1148 3184 populi

137 3188 233 3256 pronis
255 3189 288 3241 ut
309 3186 460 3242 histriones
483 3204 507 3242 a.
531 3189 589 3268 ipse
611 3193 666 3240 tea
668 3204 726 3243 ιιι
744 3188 777 3239 ut
795 3187 840 3239 est
856 3187 958 3240 natura
974 3202 1031 3255 pop
1032 3186 1114 3253 uli,'
1106 3204 1146 3238 m-

138 3257 235 3312 vidiae
253 3274 363 3326 quoque
383 3257 438 3313 et'
429 3257 567 3312 uuisionis
586 3257 691 3310 artibus
710 3257 938 3326 Βιιιιιιιιιιιιη
960 3263 975 3311 7
998 3273 1056 3309 non
1075 3257 1148 3311 enim

139 3328 281 3395 Marciae,
309 3336 372 3384 aate
389 3344 447 3382 non
466 3330 647 3384 Heumaaaas
670 3330 797 3381 laoaaam
819 3327 917 3381 aaran
935 3329 1073 3395 prabaate
1047 3330 1148 3380 t·Aa

138 3400 248 3452 dresaao
264 3404 268 3464 Ι
286 3405 318 3454 lo
336 3402 440 3453 vocant
454 3401 615 3454 Ηιιιιιιιιιι.
633 3414 721 3453 voca
704 3399 773 3450 lant
790 3399 923 3464 (vocitant
942 3398 1023 3468 Hess)
1040 3401 1044 3468 1
1060 3395 1149 3453 fomes

135 3468 310 3538 Acidaliae!
331 3476 363 3523 11
387 3469 507 3524 veritate
530 3470 648 3523 Steiaer·
672 3466 806 3525 seruitute
825 3477 927 3539 (seven
927 3469 989 3524 tate
1009 3471 1151 3537 Pithoeus

125 3537 235 3591 virtute
261 3538 385 3611 W'tta‘ell)
401 3545 408 3610 Ι
425 3545 460 3595 14
478 3538 630 3610 accipimus
651 3541 698 3598 Bb
