2340 3982
156 177 221 241 222
500 174 670 231 CORNELII
688 175 809 232 unctui

117 350 142 388 ιο
157 331 186 386 et
200 322 333 384 fabuloso
361 341 462 384 errore
481 325 513 385 in
531 323 611 384 huuc
625 322 775 384 Oceanum
789 322 920 385 delatum
934 323 1031 388 adisse
1046 323 1160 387 Germa·

156 413 221 472 niae
241 419 348 492 terras,
371 411 651 492 Asciburgiumque,
673 412 752 490 quod
773 414 804 472 in
818 414 882 489 ripa
896 411 993 479 Rheni
1007 413 1104 474 situm
1118 414 1161 475 ho·

156 500 262 580 dieque
281 499 433 580 incolitur,
457 492 561 561 abillo
581 503 774 561 constitutum
793 501 1052 583 nominatumque3
1088 519 1161 563 arant

156 590 331 667 quinetiam
345 587 422 648 Ulixi
437 595 646 668 consecratam,
660 588 774 649 adiecto
789 587 912 649 Laertae
926 591 1021 668 patris
1035 591 1160 669 nominc,

156 677 260 737 codem
278 675 343 737 loco
358 675 429 736 olrm
438 683 600 765 repertam
619 683 867 780 monpmentaque
887 683 918 736 et
930 676 1063 742 tumulos
1080 697 1160 758 quos·

116 763 357 830 15damGraeois
379 763 487 824 litteris
509 765 669 842 inscriptos
692 766 723 824 in
747 765 874 824 confinio
894 764 1072 830 Germaniae
1095 767 1160 827 Rae

155 855 273 930 tiaeque
297 851 393 912 adhuc
417 860 526 913 extare.
564 869 639 930 quae
664 869 796 955 neque
785 853 963 913 confirmare
978 857 1160 932 argumentis

155 958 252 1018 neque
262 939 443 1000 refellerem
458 941 555 1000 animo
570 948 629 1000 est.
657 957 692 1012 er
711 941 830 1019 ingenio
850 958 904 1002 suo
920 942 1047 1020 quisque
1068 943 1161 1004 demat

155 1027 202 1088 vel
216 1027 303 1088 addat
315 1027 412 1088 fldem.
523 1071 531 1083 .

222 1113 253 1176 4.
275 1114 343 1195 lpse
363 1134 466 1177 eorum
485 1116 618 1195 opinioni
635 1114 757 1196 accedo,
782 1117 833 1194 qui
848 1114 1022 1177 Germaniae
1036 1119 1159 1202 populor

157 1203 246 1265 nullis
265 1202 358 1281 [aliis]
379 1204 503 1264 aliarum
526 1205 680 1264 nationum
703 1203 839 1264 conubiis
862 1204 989 1265 inlectos
1011 1208 1160 1285 proprian

157 1301 187 1354 et
201 1294 347 1354 sinceram
362 1301 392 1352 ct
405 1300 520 1353 tantum
534 1293 582 1352 sui
596 1290 722 1352 similem
736 1299 855 1370 gentem
870 1295 1005 1353 extitisse
1019 1293 1155 1363 arbitron

157 1389 216 1443 tur.
253 1381 332 1441 unde
351 1379 470 1441 habitus
489 1397 607 1460 quoquc
626 1396 798 1460 corporum,
826 1397 1003 1460 quamquam
1026 1383 1060 1442 in
1085 1391 1156 1447 tant

132 1470 312 1534 chominum
330 1485 468 1548 numero,
490 1467 569 1527 idem
588 1467 738 1528 omuibus:
761 1475 863 1529 truces
881 1476 912 1529 ct
931 1467 1063 1530 caerulei
1078 1471 1160 1542 ocu‘

158 1556 264 1617 rutilae
288 1573 402 1635 comae,
424 1572 529 1633 magna
544 1572 667 1635 corpora
681 1564 711 1616 et
725 1563 840 1617 tantum
855 1556 892 1616 ad
904 1558 1047 1636 impetum
1058 1557 1155 1622 valida

158 1644 268 1704 laboris
283 1650 370 1722 atque
385 1660 509 1722 operum
523 1662 582 1704 uon
597 1643 699 1705 eadem
712 1645 866 1724 patientia,
889 1645 1071 1724 minimeque
1087 1649 1151 1706 siti·

159 1740 333 1811 aestumque
351 1731 491 1813 tolerare,
513 1732 624 1811 frigora
641 1739 731 1811 atque
749 1732 877 1793 inediam
897 1732 976 1793 caclo
998 1732 1100 1794 solove
1119 1753 1149 1794 a.

160 1827 328 1882 sueverunt.

226 1904 255 1970 5.
278 1909 370 1970 Terra
394 1911 450 1969 etsi
468 1907 616 1985 aliquanto
636 1909 735 1985 specie
754 1907 861 1989 differt,
880 1910 911 1968 in
929 1909 1104 1969 universum
1147 1953 1149 1962 ,

159 2015 228 2058 men
256 2006 307 2058 aut
330 1996 410 2057 silvis
433 1995 553 2055 horrida
578 2001 628 2055 aut
651 1993 808 2071 paludibus
832 1995 929 2076 foeda,
953 1995 1083 2057 umidior

160 2084 279 2164 Gallias,
307 2085 457 2144 ventosior
475 2100 532 2160 qua
550 2080 692 2143 Noricum
706 2100 739 2143 ac
753 2082 935 2143 Pannoniam
949 2084 1068 2164 aspicit,
1096 2087 1161 2146 sat'u

124 2175 250 2252 ferax,
264 2171 474 2249 frugiferarum
488 2169 649 2231 arborum'
640 2172 796 2251 inpatiens,
809 2188 952 2249 pecorum
965 2170 1101 2252 fecunda,
1117 2169 1163 2234 sed

120 2287 133 2326 5
160 2260 358 2339 plerumque
349 2275 524 2336 improcera
561 2277 599 2319 ne
618 2261 759 2320 armentis
780 2259 898 2337 quidem
919 2277 992 2321 suus
1005 2260 1104 2321 honor
1119 2269 1164 2322 aut

161 2348 254 2426 gloria
268 2346 388 2407 irontis:
411 2363 535 2407 numero
550 2347 690 2428 gaudent,
718 2365 829 2426 eaeque
844 2346 923 2409 solae
937 2356 968 2409 ct
981 2350 1165 2426 gratissimae

160 2453 232 2515 opes
246 2442 324 2496 sunt.
351 2440 506 2513 argentum
525 2442 555 2495 et
574 2453 679 2496 aurum
692 2438 852 2515 propitiine
866 2454 903 2497 an
916 2437 986 2497 irati
999 2436 1030 2496 di
1044 2455 1166 2516 negave-

160 2526 221 2586 rint
239 2522 351 2585 dubito.
380 2540 435 2584 nec
453 2531 552 2584 tamen
571 2523 787 2584 adfirmaverim
806 2523 916 2585 nullam
930 2523 1106 2585 Germaniae
1122 2543 1166 2584 ve-

160 2631 228 2673 nam
247 2618 401 2690 argentum
420 2629 561 2672 aurumve
579 2614 713 2690 gignere:
736 2613 802 2690 quis
826 2613 904 2672 cuim
928 2619 1079 2674 scrutatus
1100 2607 1168 2673 est?

124 2725 147 2764 to
160 2702 347 2779 possessione
370 2707 401 2761 et
420 2717 478 2761 usu
510 2699 589 2760 haud
616 2699 740 2778 perinde
767 2699 952 2760 adficiuntur.
994 2707 1041 2761 est
1067 2701 1168 2762 ridere

160 2788 238 2867 apud
256 2787 322 2847 illos
341 2794 479 2865 argentea
498 2804 578 2867 vasa,
605 2787 709 2865 legatis
728 2795 758 2847 et
776 2787 961 2866 principibus
980 2805 1085 2848 corum
1105 2807 1168 2849 mu-

161 2878 226 2937 neri
245 2875 327 2956 data,
355 2893 414 2935 non
436 2877 469 2935 iu
487 2874 543 2936 alia
560 2874 671 2936 vilitate
691 2893 778 2954 quam
798 2893 872 2953 quae
891 2876 980 2936 humo
1000 2876 1169 2956 finguntur3

231 3080 308 3149 ,10
324 3079 411 3150 hunc]
431 3078 513 3133 illum
531 3081 624 3135 Herm.
644 3079 762 3146 81111111
781 3086 811 3133 11
831 3079 916 3133 hodio
934 3094 1045 3170 quoque
1065 3080 1143 3136 Moel

161 3158 220 3229 l¹²
239 3157 379 3213 incolatur
396 3159 432 3213 cl.
453 3158 706 3241 inopinatumque
729 3173 912 3226 ασκιπυργιον
930 3158 972 3225 B,
993 3158 1112 3238 signum·
1127 3158 1165 3212 lu·

160 3246 246 3284 ceurae
264 3235 329 3300 poet
350 3244 423 3283 nom.
442 3230 538 3298 posuit
555 3227 683 3298 Haupt!
710 3232 743 3282 14
765 3243 798 3282 eo
823 3228 872 3297 01
896 3226 927 3296 4,
948 3234 963 3282 1
986 3226 1116 3297 opinioni
1140 3225 1165 3282 0.

164 3303 1168 3376 111111110111101111112111111111111111111011.Μερίωιατιῐαε

162 3384 179 3433 4
197 3381 342 3446 1111111111
362 3377 435 3445 015
455 3374 542 3429 ceruli
560 3375 622 3429 B¹b
642 3377 647 3443 1
667 3377 893 3457 8111111111111
906 3377 938 3432 0.
957 3381 1109 3434 assuerunt
1125 3378 1168 3434 131¹

164 3449 212 3520 15,
228 3450 325 3515 lfoot.
344 3446 526 3527 aliquantum
538 3447 574 3512 cf
593 3445 661 3516 Ape.
680 3448 741 3515 241
762 3454 778 3500 4
795 3446 907 3516 ptaiens
928 3447 1010 3503 Troos
1025 3451 1064 3531 [o
1102 3451 1167 3505 lem·

163 3534 217 3587 quc
236 3518 371 3587 Lipsius!
388 3523 403 3571 '1
421 3514 539 3586 propitii
560 3515 583 3572 G
595 3518 600 3578 Ι
618 3520 651 3569 10
668 3449 785 3584 proinde
805 3517 847 3587 01
864 3524 896 3572 12
916 3517 974 3572 1111
990 3518 1164 3576 1111111111
