2340 3982
369 177 573 271 asmcoosn
592 223 706 272 aa-sr.
976 215 1042 281 263

25 362 194 424 concordia
207 362 454 443 propulsandum,
471 362 669 440 legationibus
683 371 714 423 et
726 363 897 424 foederibus
909 365 1042 425 omnium

27 452 187 519 civitatum
208 453 287 510 vires
306 452 483 514 exciverant.
513 452 631 529 iamque
650 468 740 528 super
760 453 881 529 triginta
902 452 983 512 milia
996 471 1041 513 ar·

28 547 180 599 matorum
199 539 433 617 aspiciebantur,
457 546 489 598 et
506 537 602 598 adhuc
621 537 767 599 adfluebat
786 540 881 599 omnis
903 541 1041 601 iuventus

30 634 65 688 et
85 626 194 705 quibus
213 627 305 687 cruda
323 645 358 687 ac
376 626 649 712 viridis'senectus,
669 626 741 686 clari
758 626 836 687 bello
851 634 882 687 et
896 645 948 687 sua
962 630 1041 706 quis·

31 733 94 794 que
108 714 216 775 deeora
231 721 394 794 gestantes,
417 732 484 775 cum
502 714 581 773 inter
598 712 699 792 plures
713 714 805 776 duces
825 717 935 775 virtute
950 721 981 774 et
994 734 1040 794 ge·
1056 739 1081 782 15

30 820 107 864 uere
131 811 286 881 praestans
311 804 430 862 nomine
453 801 593 880 Calgacus
613 801 690 880 apud
709 809 890 864 contractam
908 801 1043 863 multitu-

30 890 135 952 dinem
150 888 296 968 proelium
310 896 480 967 poscentem
493 891 524 949 in
537 889 618 951 hunc
636 890 758 950 modum
770 890 888 951 locutus
903 891 1012 951 fertur:

10 1024 15 1029 .
103 974 156 1038 30.
179 973 333 1048 ‘Quotiens
356 995 458 1038 causas
476 976 547 1038 belli
565 985 595 1037 et
613 981 821 1039 necessitatem
845 987 976 1040 nostram
999 981 1042 1039 in·

10 1032 140 1145 huson,
157 1082 280 1143 magnus
293 1064 367 1125 mihi
380 1067 495 1126 animus
510 1073 556 1125 est
569 1065 746 1127 hodiernum
760 1067 838 1127 diem
852 1085 1042 1128 consensum·

10 1162 94 1234 Tque
114 1161 247 1213 restrum
265 1154 383 1213 initium
401 1153 548 1214 libertatis
568 1152 807 1231 totiBritanniae
827 1154 903 1236 lore,
925 1163 1044 1215 namet

10 1254 14 1273 ²
31 1242 169 1306 universi
182 1242 334 1302 servitutis
349 1249 486 1319 expertes
501 1249 531 1302 et
544 1241 641 1302 nullae
659 1241 737 1303 ultra
751 1250 848 1303 terrae
862 1261 896 1303 ac
910 1261 948 1303 ne
962 1259 1043 1302 mare

33 1329 155 1409 quidem
175 1346 315 1389 securum
332 1331 495 1390 inminente
514 1329 600 1389 nobis
619 1329 712 1390 classe
730 1330 869 1391 Romana.
896 1332 938 1391 ita
957 1348 1070 1409 prae-⁶

32 1417 109 1478 lium
123 1424 212 1496 atque
226 1435 319 1497 arma,
343 1435 417 1496 quae
432 1417 559 1478 fortibus
573 1417 710 1498 honesta,
735 1419 837 1479 eadem
856 1420 945 1478 etiam
963 1420 1043 1496 igna-

10 1538 12 1543 ,
32 1506 80 1566 vis
93 1507 241 1566 tutissima
262 1513 339 1566 sunt.
375 1507 491 1583 priores
505 1524 635 1587 pugnae,
657 1506 765 1585 quibus
784 1507 925 1567 adversus
939 1506 1043 1566 Roma·

33 1611 90 1655 nos
104 1596 185 1653 varia
198 1594 317 1653 fortuna
331 1601 477 1654 certatum
491 1601 545 1672 est,
559 1612 641 1672 spem
656 1613 690 1655 ac
706 1595 873 1655 subsidium
885 1597 917 1655 in
932 1595 1043 1655 nostris

32 1680 172 1743 manibus
189 1680 350 1761 habebant,
372 1683 440 1759 quia
460 1680 637 1741 nobilissimi
656 1684 747 1742 totius
765 1682 933 1744 Britanniae
948 1701 1043 1761 eoque

34 1773 68 1830 in
84 1771 159 1849 ipsis
177 1768 379 1847 penetralibus
398 1771 448 1829 siti
466 1787 521 1828 nec
541 1770 733 1829 servientium
751 1768 837 1829 litora
856 1773 1043 1850 aspicientes,
1058 1796 1084 1835 1o

35 1857 138 1919 oculos
154 1875 271 1936 quoque
286 1874 303 1916 a
318 1865 456 1917 contactu
471 1856 679 1917 dominationis
688 1856 843 1917 inviolatos
852 1856 1042 1918 habebamus.

35 1963 91 2006 nos
109 1952 257 2005 terrarum
281 1963 315 2005 ac
333 1944 479 2005 libertatis
503 1953 650 2005 extremos
669 1962 806 2004 recessus
825 1947 889 2022 ipse
908 1962 942 2005 ac
960 1946 1044 2004 sinus

35 2031 1043 2112 iamaeinhuncdiemdelendit5atqueomneignotumpromagnifico

12 2132 18 2139 '
38 2130 96 2183 est:
124 2120 177 2182 sed
200 2139 280 2181 nunc
303 2122 448 2181 terminus
471 2119 640 2182 Britanniae
663 2128 757 2201 patet,
781 2120 861 2181 nulla
883 2122 942 2181 iam
967 2120 1044 2180 ultra

37 2227 119 2290 gens,
142 2208 217 2268 nihil
235 2210 294 2268 nisi
311 2208 420 2269 lluctus
439 2216 469 2270 et
488 2226 571 2288 sara,
590 2217 621 2268 et
638 2210 807 2270 infestiores
821 2208 954 2289 Romani,
974 2226 1084 2287 quo-15

39 2316 106 2358 rum
124 2296 294 2375 superbiam
312 2298 423 2358 frustra
442 2315 497 2376 per
511 2296 687 2375 obsequium
701 2316 735 2357 ac
748 2297 921 2358 modestiam
936 2297 1045 2376 effuge-

37 2388 88 2447 ris.
130 2393 267 2463 raptores
286 2385 380 2465 orbis,
408 2393 565 2464 postquam
584 2392 691 2446 cuncta
717 2385 900 2446 vastantibus
923 2385 1045 2447 deluere

36 2482 144 2554 terrae,
161 2475 220 2534 iam
234 2480 264 2534 et
277 2491 358 2533 mare
372 2480 558 2534 scrutantur:
581 2475 608 2532 si
620 2473 752 2551 locuples
766 2474 860 2533 hostis
875 2482 933 2554 est,
956 2474 1045 2554 avari,

10 2574 15 2643 j
38 2565 62 2623 si
75 2579 205 2643 pauper,
219 2560 376 2642 ambitiosi,
391 2579 465 2640 quos
479 2578 539 2621 non
553 2559 674 2640 Oriens,
688 2578 748 2620 non
762 2559 908 2622 Occidens
923 2563 1045 2621 satiave-

10 2686 12 2691 ,
35 2653 88 2712 rit:
116 2649 173 2710 soli
190 2651 322 2710 omnium
347 2667 418 2727 opes
437 2657 525 2728 atque
544 2650 674 2727 inopiam
693 2650 758 2727 pari
773 2648 890 2709 adiectu
906 2649 1044 2727 concupi·
1059 2674 1084 2714 so

36 2745 136 2800 scunt
168 2738 287 2798 auferre
305 2736 455 2798 trucidare
473 2755 579 2815 rapere
597 2734 679 2797 lalsis
693 2735 863 2797 nominibus
877 2739 1045 2818 imperium,

34 2834 126 2906 atque
141 2825 193 2886 ubi
207 2825 397 2886 solitudinem
412 2826 533 2905 iaciunt,
547 2843 650 2903 pacem
665 2820 833 2904 appellant?

102 2910 156 2975 31.
180 2909 315 2974 ‘Liberos
334 2916 441 2992 cuique
461 2932 494 2973 ac
512 2916 697 2993 propinquos
716 2932 785 2975 suos
804 2923 910 2976 natura
929 2915 1045 2975 carissi-

33 3020 102 3064 mos
123 3019 190 3062 esse
208 3001 314 3062 voluit:
337 3001 369 3061 hi
386 3020 441 3080 per
460 3001 585 3062 dilectus
604 3001 674 3063 alibi
692 3004 833 3062 servituri
852 3002 1045 3063 auferuntur:

31 3091 180 3168 coniuges
202 3107 380 3169 sororesque
405 3091 493 3150 etiam
517 3091 543 3150 si
560 3089 699 3151 hostilem
724 3089 877 3150 libidinem
896 3089 1045 3169 effugiant,

28 3261 71 3330 A,
90 3260 140 3316 sed
157 3261 256 3315 addita
273 3264 290 3313 1
304 3277 339 3314 m.
354 3265 462 3329 puncta
480 3259 712 3328 tramposiiionis,
732 3259 766 3325 ef.
782 3275 803 3314 e.
820 3263 857 3315 12
873 3258 878 3326 l
894 3257 940 3325 29,
956 3263 988 3312 ta
1008 3257 1045 3312 oi-

28 3330 170 3387 uiantium
187 3331 215 3384 B
239 3332 245 3399 Ι
268 3329 356 3402 XXX]
377 3329 476 3383 LXXX
493 3330 662 3399 Nipperdey,
682 3327 781 3381 CXXX
804 3328 910 3383 Urlichs
934 3331 939 3396 1
968 3329 1045 3397 ΒΜ

28 3416 244 3469 consensusque
261 3401 289 3454 B
306 3403 310 3469 Ι
326 3408 341 3456 9
360 3400 480 3454 nauibus
498 3400 547 3469 131
569 3405 601 3453 13
621 3400 718 3465 etque.
729 3397 792 3454 sed
810 3398 871 3451 AB
887 3404 950 3467 post
966 3401 1048 3468 patet

26 3474 149 3541 habeon
166 3473 248 3526 verba
266 3476 493 3541 metoposcopos
505 3470 615 3541 Broeps
632 3470 743 3537 aliique,
762 3468 871 3538 [abque.
883 3469 958 3541 sed]
978 3471 1047 3526 Mu-

26 3549 107 3603 retus
124 3543 130 3612 Ι
147 3546 185 3596 18·
198 3543 290 3597 terrae
308 3541 366 3596 iam
384 3557 445 3597 nos:
464 3542 568 3595 terram
587 3541 688 3612 (berrae
708 3538 874 3608 thenuuusl
