2378 3982
132 193 199 258 232
483 190 653 247 CORNELII
670 190 792 247 ΤΑΟΙΤΙ

200 338 252 403 23.
275 340 363 401 Potui
379 338 487 400 humor
506 358 542 400 ex
556 339 668 400 hordeo
687 348 739 400 aut
756 339 919 419 frumento,
944 341 975 400 in
995 358 1065 418 quar

134 429 358 492 similitudinem
372 429 434 488 viui
448 435 621 507 corruptus:
648 429 776 507 proximi
793 429 875 506 ripae
895 436 925 488 et
944 430 1050 489 vinum

133 526 249 580 cantur.
285 516 345 577 cibi
368 515 531 597 simplices,
553 517 681 593 agrestia
701 534 800 597 poma,
823 534 928 576 recens
947 517 1011 577 iera
1031 537 1065 577 au

106 631 121 674 e
134 612 319 669 concretum:
330 606 394 664 sine
406 611 559 683 apparatu,
573 606 636 664 sine
646 603 854 679 blandimentis
865 604 1016 682 expellunt
1028 607 1065 666 fax

134 696 276 757 adversus
290 695 370 754 sitim
384 710 444 753 non
459 692 560 752 eadem
571 695 774 770 temperantia.
798 695 824 753 si
833 692 993 753 indulseris
1005 694 1065 754 ebr

134 781 320 862 suggerendo
335 788 479 860 quantum
498 783 726 861 concupiscunt,
746 780 826 841 baud
845 784 944 842 minus
963 781 1050 842 facile

134 889 223 951 quem
237 871 327 931 ermis
340 870 506 929 vincentur.

201 956 253 1020 24.
277 957 376 1018 Genus
403 957 641 1035 spectaculorum
668 975 762 1018 unum
789 966 878 1037 atque
895 959 927 1019 in
950 961 1032 1019 omni
1060 983 1065 1016 ι

134 1046 222 1109 idem.
241 1045 315 1107 nudi
328 1048 467 1126 iuvenes,
480 1045 590 1125 quibus
604 1045 635 1106 id
649 1044 798 1106 ludicrum
812 1054 871 1126 est,
890 1048 968 1107 inter
982 1047 1065 1125 gladi

135 1143 224 1215 atque
242 1134 365 1196 infestas
383 1133 509 1194 frameas
527 1133 605 1195 saltu
619 1135 739 1194 iaciunt.
761 1136 932 1195 exercitatio
947 1143 1044 1195 artem

134 1227 186 1305 rit,
213 1242 261 1286 ars
285 1223 432 1301 decorem,
458 1240 518 1283 non
540 1223 572 1283 in
596 1229 753 1300 quaestum
774 1230 873 1282 tamen
893 1232 942 1284 aut
961 1241 1065 1284 merce

108 1337 122 1378 o
137 1314 270 1392 quamvis
289 1310 409 1372 audacis
427 1309 563 1370 lasciviae
584 1312 714 1388 pretium
728 1317 774 1370 est
787 1309 921 1389 voluptas
936 1320 1065 1389 spectan

135 1401 237 1482 aleam,
252 1399 330 1478 quod
339 1399 457 1479 mirere,
484 1397 578 1458 sobrii
586 1400 665 1458 inter
671 1400 749 1458 seria
758 1406 907 1480 exercent,
920 1407 1001 1460 tanta
1009 1400 1063 1461 luc

134 1488 316 1568 perdendive
338 1488 513 1566 temeritate,
536 1494 578 1567 ut,
602 1504 671 1547 cum
693 1489 791 1547 omnia
809 1487 996 1569 defecerunt,
1011 1499 1065 1550 ext

135 1595 170 1638 ac
192 1577 352 1637 novissimo
375 1577 454 1635 iactu
478 1574 515 1634 de
538 1573 674 1635 libertate
697 1592 731 1635 ac
754 1575 791 1635 de
809 1593 934 1655 corpore
954 1585 1065 1639 conten

135 1666 232 1726 rictus
245 1663 440 1725 voluntariam
453 1665 627 1724 servitutem
640 1663 715 1724 adit:
734 1665 867 1742 quamvis
880 1665 1032 1746 iuvenior,
1049 1688 1065 1746 q

97 1777 123 1819 ro
136 1754 180 1814 vis
193 1751 346 1812 robustior
359 1751 482 1837 adligari
496 1769 528 1812 se
542 1769 576 1812 ac
596 1753 696 1812 venire
710 1753 831 1830 patitur.
854 1770 889 1812 ea
903 1760 948 1812 est
962 1755 992 1812 in
1007 1773 1044 1814 re
1059 1775 1065 1834 1

135 1841 316 1921 pervicacia3
329 1841 387 1919 ipsi
405 1839 495 1899 fidem
509 1847 624 1900 vocant
656 1857 758 1900 servos
778 1840 960 1900 condicionis
979 1841 1065 1903 huius

136 1930 313 1991 commercia
327 1928 457 2007 tradunt,
470 1935 505 1987 ut
519 1945 551 1987 se
565 1945 683 2006 quoque
697 1927 811 2005 pudore
826 1930 967 1989 victoriae
982 1931 1065 1991 exsol

202 2014 254 2079 25.
278 2016 392 2077 Ceteris
411 2016 505 2075 serris
518 2033 578 2074 non
592 2017 624 2074 in
637 2023 773 2077 nostrum
787 2034 910 2098 morem,
924 2016 1063 2096 discripti

135 2105 275 2168 familiam
297 2105 480 2182 ministeriis
503 2110 642 2164 utuntur:
674 2122 757 2164 suam
782 2107 908 2184 quisque
930 2106 1047 2187 sedem,

135 2201 258 2274 penates
281 2193 366 2270 regit
412 2190 555 2251 frumenti
575 2191 696 2252 modum
720 2193 856 2253 dominus
880 2201 931 2253 aut
953 2198 1065 2273 pecori:

136 2283 227 2343 restis
246 2286 280 2340 ut
299 2277 402 2339 colono
421 2280 562 2359 iniungit,
586 2287 616 2339 et
635 2297 739 2341 servus
757 2280 901 2342 hactenus
918 2290 1018 2360 paret:
1048 2304 1065 2344 c

109 2370 242 2434 edemus
257 2367 354 2428 officia
367 2386 443 2428 uxor
457 2385 490 2428 ac
504 2367 591 2428 liberi
604 2378 816 2448 exsequuntur.
853 2369 1012 2431 verberare
1027 2391 1065 2432 se

136 2476 171 2519 ac
189 2456 316 2517 vinculis
338 2463 368 2516 et
387 2473 476 2534 opere
495 2461 634 2517 coercere
652 2475 767 2518 rarum:
800 2458 935 2519 occidere
956 2458 1065 2541 solent,

136 2545 291 2625 disciplina
305 2551 335 2605 et
349 2547 514 2624 severitate,
538 2544 590 2605 sed
604 2547 716 2624 impetu
731 2553 761 2606 et
774 2548 827 2627 ira,
850 2555 884 2607 ut
897 2548 1065 2630 immicum,

136 2634 215 2714 quod
229 2636 413 2712 impunecst.
436 2632 536 2693 liberti
545 2650 605 2692 non
619 2633 745 2694 multum
760 2652 851 2712 supra
865 2652 967 2695 servos
982 2647 1065 2718 sunt,

136 2722 254 2801 aliquod
276 2729 459 2782 momentum
472 2723 503 2780 in
517 2721 618 2802 domo,
637 2739 797 2799 numquam
812 2724 989 2804 incivitate,
1013 2744 1065 2788 ex<

96 2833 124 2875 ro
136 2810 288 2871 dumtaxat
301 2812 339 2870 iis
353 2809 491 2888 gentibus
505 2827 581 2888 quae
598 2818 769 2888 regnantur.
795 2810 838 2870 ibi
856 2814 980 2872 enimet
995 2830 1065 2892 supr

136 2916 249 2979 genuos
277 2905 307 2958 et
328 2916 419 2977 super
441 2897 555 2959 nobiles
579 2897 755 2960 ascendunt:
778 2899 857 2978 apud
880 2904 1065 2983 ceterosimj

136 2986 270 3048 libertini
283 2985 430 3048 libertatis
444 2994 653 3065 argumentum
667 2995 746 3047 sunt.

206 3174 283 3242 tta
302 3175 386 3244 parat
404 3174 478 3242 014
496 3173 623 3228 mercede
643 3174 667 3229 0
684 3174 688 3244 Ι
708 3179 724 3228 6
744 3173 953 3243 expectantium
970 3175 1050 3247 1301

135 3243 255 3299 fecerint
272 3247 289 3300 b
305 3253 309 3312 Ι
327 3251 358 3299 12
378 3259 408 3298 se
427 3242 545 3312 quisque
563 3243 602 3298 Η.
613 3243 714 3300 debetis
729 3246 734 3314 Ι
750 3244 821 3313 25,1
837 3244 995 3315 descriptis,
1009 3264 1062 3302 em.

134 3317 266 3382 ferscbee'd
281 3318 286 3386 1
302 3322 318 3369 2
333 3313 469 3369 ministris
484 3314 546 3370 Bb¹
561 3316 565 3385 Ι
582 3321 598 3369 4
616 3316 660 3387 ut]
681 3316 711 3370 et
724 3316 765 3384 01
781 3321 798 3370 8
816 3314 925 3372 liberti.
936 3333 1060 3385 argum.

134 3387 200 3442 baec
217 3387 267 3442 Bb
282 3392 346 3455 port
364 3385 529 3455 ignorentur
548 3387 580 3455 (c.
599 3391 639 3442 26
657 3389 737 3452 extr.)
755 3387 863 3455 babent,
881 3389 927 3441 sed
945 3389 961 3441 b
980 3389 1028 3443 bic
1047 3409 1065 3460 q

134 3457 167 3511 tu
184 3474 270 3579 moure.
289 3457 369 3512 babet
387 3459 438 3512 bac
456 3462 522 3512 noto
540 3457 661 3513 adiecta:
679 3456 710 3509 in
728 3456 782 3511 hoc
800 3457 863 3511 loco
882 3456 977 3528 potius
998 3461 1003 3529 1
1034 3466 1065 3515 12

125 3541 178 3580 om.
