2340 3982
193 186 365 248 CORNELII
383 191 502 249 ruem
519 192 613 250 DIAL.
632 193 681 248 DE
700 138 805 251 ORA'lJ.
820 200 898 251 1-3.
976 194 1040 259 277

32 339 206 422 redderent,
233 341 328 403 isdem
345 359 425 403 nunc
444 341 577 402 numeris
596 340 750 420 isdemque
763 342 927 403 rationibus
941 361 1042 423 perse·

36 444 116 509 quar,
130 436 245 490 servato
260 428 365 490 ordine
379 429 596 509 disputationis.
620 446 718 507 neque
732 429 811 489 enim
825 429 919 490 deluit
933 433 985 511 qui
998 432 1041 492 di-

35 532 148 577 uersam
162 535 281 596 quoque
299 524 416 597 partem
439 518 614 597 susciperet,
633 534 667 577 ac
684 516 812 578 multum
834 525 937 578 vexata
954 526 985 580 et
997 521 1040 580 in·
1054 541 1082 582 ro

37 605 93 664 risa
110 612 256 666 vetustate
271 613 443 666 nostrorum
462 613 629 684 temporum
639 603 838 684 eloquentiam
852 607 1041 685 antiquorum

37 691 158 771 ingeniis
172 693 343 754 anteferret.
1055 722 1060 730 ·

98 778 128 842 2.
151 781 225 841 Nam
243 788 365 860 postero
383 779 432 841 die
450 797 539 858 quam
556 778 706 841 Curiatius
730 780 882 841 Maternus
902 781 1042 844 Catonem

16 869 218 949 ·recitaverat,
232 887 302 929 cum
315 868 473 929 offendisse
486 869 654 972 potentium
667 870 781 929 animos
796 868 955 949 diceretur,
969 879 1042 931 tam-

11 950 23 1085 p
35 971 122 1035 quam
137 959 168 1016 in
183 974 217 1017 eo
233 956 399 1035 tragoedIae
413 962 586 1034 argumento
598 973 646 1017 sn1
635 955 766 1017 oblitus
775 964 891 1018 tantum
900 957 1042 1019 Catonem

11 1048 206 1143 cogitasset,
229 1061 322 1124 eaque
344 1044 380 1104 de
399 1061 432 1104 re
450 1061 505 1123 per
522 1042 629 1104 urbem
647 1044 787 1123 frequens
808 1062 906 1107 sermo
920 1046 1043 1107 habere-

11 1122 95 1212 tur
115 1139 261 1192 venerunt
274 1130 310 1192 ad
325 1149 394 1194 eum
407 1131 525 1193 Marcus
539 1131 619 1209 Aper
637 1139 667 1192 et
680 1131 772 1192 lulius
788 1131 951 1213 Secundus,
966 1134 1040 1196 cele·
1054 1156 1068 1198 ι

31 1179 163 1280 ber'rima
186 1221 276 1280 tum
267 1222 386 1298 ingenia
404 1220 462 1281 fori
480 1221 590 1300 nostri,
618 1237 694 1298 quos
712 1238 766 1299 ego
790 1222 822 1282 in
844 1221 964 1283 iudiciis
981 1240 1043 1283 non

31 1303 204 1388 [utrosque]
219 1307 306 1368 modo
321 1315 349 1369 st
336 1308 454 1369 tudiose
468 1305 637 1389 audiebam,
656 1308 708 1369 sed
728 1308 807 1370 domi
826 1327 945 1388 quoque
963 1312 1020 1372 et'
1011 1329 1043 1372 m
1102 1311 1108 1325 '

30 1396 152 1473 publico
172 1394 345 1456 adsectabar
359 1397 436 1457 mira
449 1396 616 1457 studiorum
630 1397 792 1476 cupiditate
811 1406 841 1458 et
856 1399 984 1477 quodam
997 1416 1043 1458 ar·

30 1483 105 1545 dore
119 1484 250 1564 iuvenili,
269 1491 303 1545 ut
325 1482 439 1545 tabulas
458 1502 577 1563 quoque
600 1503 704 1545 eorum
734 1494 765 1547 et
782 1485 999 1567 disputationes
1013 1494 1043 1546 et

29 1589 140 1635 arcana
150 1579 280 1633 semotae
290 1571 430 1634 dictionis
439 1574 560 1653 penitus
574 1574 751 1654 exciperem,
766 1577 900 1654 quamvis
914 1576 1042 1655 maligne
1056 1597 1082 1638 ro

28 1660 168 1740 plerique
183 1662 385 1740 opinarentur,
400 1679 456 1721 neo
464 1658 601 1721 Secundo
611 1669 781 1741 promptum
796 1680 861 1724 esse
876 1681 1043 1725 sermonem

28 1757 60 1811 et
78 1748 192 1829 Aprum
212 1750 331 1827 ingenio
349 1750 450 1829 potius
469 1749 547 1808 etri
563 1754 688 1810 naturae
704 1766 792 1827 quam
812 1753 998 1812 institutione
1013 1759 1044 1812 et

28 1835 142 1899 litteris
160 1838 267 1898 tamam
281 1836 467 1916 eloquentiae
482 1843 684 1898 consecutum.
707 1854 775 1897 nam
795 1844 825 1897 et
839 1837 975 1898 Secundo
989 1856 1043 1916 pu·

28 1942 84 1988 rus
104 1932 134 1987 et
157 1942 280 2005 pressus
299 1932 343 2005 et,
370 1926 402 1984 in
421 1932 564 2004 quantum
583 1926 655 1984 satis
674 1931 751 2005 erat,
773 1924 925 2003 profluens
945 1943 1042 1986 sermo

29 2031 93 2076 non
110 2013 218 2094 defuit,
248 2021 278 2074 et
296 2013 376 2093 Aper
393 2014 475 2073 omni
493 2011 659 2073 eruditione
684 2012 817 2074 imbutus
836 2012 1043 2074 contemnebat
1056 2035 1082 2077 ιι

30 2103 132 2182 potius
145 2101 260 2162 litteras
274 2119 362 2180 quam
380 2099 540 2183 nesciebat,
557 2109 707 2180 tamquam
719 2102 860 2162 maiorem
878 2101 1043 2163 industriae

30 2197 63 2252 et
81 2188 191 2251 laboris
209 2189 332 2269 gloriam
350 2187 520 2268 habiturus,
539 2191 566 2250 si
583 2191 735 2268 ingenium
754 2191 819 2251 eins
832 2189 922 2251 nuilla
936 2189 1043 2252 aliena-

33 2295 103 2340 rum
116 2279 226 2339 artium
240 2277 426 2343 adminiculis
439 2279 528 2338 inniti
541 2276 701 2339 rideretur.

99 2363 129 2429 3.
155 2365 250 2446 lgitur
275 2374 311 2427 ut
337 2367 511 2427 intravimus
534 2365 704 2428 cubiculum
726 2365 865 2449 blaterni,
890 2368 1043 2428 sedentem

35 2455 199 2536 ipsumque,
213 2472 303 2534 quem
311 2454 408 2535 pridie
418 2456 594 2516 recitaverat
604 2452 722 2535 librum,
732 2456 811 2516 inter
819 2472 925 2516 manus
933 2455 1042 2517 haben-

37 2549 96 2604 tem
109 2542 369 2623 deprehendimus.

99 2629 177 2693 'lum
191 2630 347 2692 Secundus
362 2626 485 2692 ‘nihilne
500 2625 541 2690 te'
555 2631 661 2710 inquit,
677 2625 833 2711 ‘blaterne,
854 2628 968 2690 fabulae
982 2647 1042 2691 ma·

37 2716 182 2798 llgnorum
199 2726 327 2800 terrent,
352 2737 410 2798 quo
428 2720 528 2779 minus
546 2717 673 2779 offensas
691 2717 811 2779 Catonis
825 2719 871 2779 tni
884 2715 986 2779 ames?
1004 2736 1069 2781 ana

38 2805 100 2869 ideo
119 2807 231 2868 librum
248 2809 339 2868 istum
358 2806 589 2886 adprehendisti,
607 2813 641 2867 ut
659 2805 830 2886 diligentius
855 2814 1042 2887 retractares,

39 2901 67 2956 ot
78 2894 202 2957 sublatis
221 2897 247 2956 si
266 2913 324 2975 qua
336 2912 444 2975 pravae
457 2896 697 2973 interpretationi
714 2896 867 2956 materiam
886 2895 1042 2975 dederunt,

38 2985 186 3046 emitteres
206 2982 348 3044 Catonem
365 3001 426 3044 non
446 2983 566 3062 quidem
584 2982 751 3064 meliorem,
769 2983 822 3045 sed
841 2990 939 3043 tamen
957 3000 1042 3043 secu·

38 3066 180 3134 rioreml’

104 3241 131 3310 l,
146 3245 179 3296 18
198 3240 328 3295 redderet
347 3239 423 3310 OF!
438 3255 591 3310 persequar
605 3240 686 3294 Part·
704 3253 858 3308 prosequar
873 3237 921 3305 12,
935 3243 952 3292 2
969 3238 1042 3291 tam-

34 3326 194 3454 mon
211 3310 242 3366 in
260 3312 372 3394 Sauppe
423 3317 438 3366 7
458 3310 617 3383 u[trosque]
605 3309 737 3380 ]Rittcr,
758 3310 891 3375 utrosque
906 3313 970 3377 poet
987 3323 1041 3378 ego

184 3385 189 3454 Ι
220 3387 253 3437 lb
272 3398 348 3436 omni
399 3312 565 3447 ·ιῖι[,Βιο
582 3381 646 3448 ῙἍοιι
665 3378 756 3433 multe
784 3382 788 3449 Ι
817 3377 1041 3447 d,2ipsumqua

34 3469 126 3512 mor
142 3454 184 3510 ιιι
206 3451 368 3509 Waltlter.
355 3469 388 3508 ιιι
406 3452 498 3523 Leips.
516 3451 573 3507 Iar
582 3381 1039 3524 Zetr.1eaa,a.2au=iprump

33 3521 106 3582 inter
125 3523 271 3581 omacius.
294 3521 370 3578 intra
