2378 3982
258 182 428 240 connum
444 182 563 238 'locun
580 182 796 238 GERMANIAE
817 189 893 239 1-3.
1015 182 1079 247 221

67 332 192 412 rebant,
215 339 245 392 ct
264 333 417 393 inmensus
436 330 515 392 ultra
528 337 621 408 utque
635 331 680 391 sic
694 330 820 391 dixerim
834 330 974 393 advorsus
989 329 1079 393 Ocea·
1174 403 1178 410 ¹

70 440 130 483 nus
150 421 226 481 raris
245 419 281 481 ab
301 418 374 480 orbe
393 425 495 480 nostro
514 416 639 478 navibus
654 417 760 478 aditur.
791 419 857 497 quis
871 436 973 500 porro,
996 437 1107 498 prae-s

69 519 120 571 ter
133 507 300 588 periculum
308 507 425 567 horridi
438 514 468 567 et
481 507 576 584 ignoti
589 506 688 585 maris,
702 505 770 566 Asia
784 513 836 566 aut
848 504 947 568 Airica
961 515 1011 567 aut
1024 505 1080 568 lta-

70 599 112 658 lia
139 596 243 658 relicta
265 595 451 656 Germaniam
473 600 602 673 peteret,
636 593 794 655 informem
816 595 920 674 terris,
947 612 1080 674 asperam

72 685 163 765 caelo,
177 686 295 746 tristem
313 682 395 744 cultu
411 689 600 761 aspectuque,
614 682 673 743 nisi
687 683 713 742 si
726 682 822 761 patria
837 678 902 744 sit?

140 772 299 833 Celebrant
322 769 503 831 carminibus
526 770 666 849 antiquis,
696 770 774 850 quod
797 787 891 832 unum
914 769 991 848 apud
1016 769 1082 830 illos

75 863 235 923 memoriae
250 866 280 919 et
294 857 443 919 annalium
456 875 549 936 genus
564 864 616 937 est,
636 856 809 919 Tuistonem
824 857 913 921 deum
927 866 1008 944 terra
1022 858 1082 919 edi·
1097 881 1122 922 no

74 959 141 1010 turn
175 956 206 1008 et
237 946 331 1008 filium
362 945 501 1007 Mannum
537 947 682 1025 originem
714 947 811 1026 gentis
844 947 1081 1025 conditoresque.

74 1037 182 1097 Manno
203 1037 259 1097 tris
279 1035 355 1096 lilios
375 1035 543 1116 adsignant,
572 1053 588 1094 e
610 1052 738 1114 quorum
760 1035 930 1097 nominibus
954 1036 1083 1113 proximi

75 1125 192 1186 Oceano
219 1122 412 1205 Ingaevones,
438 1123 530 1184 medii
556 1121 767 1204 Herminones,
795 1126 889 1186 ceteri
914 1122 1082 1184 Istaevones

74 1220 227 1274 vocentur.
255 1204 390 1293 quidam,
405 1219 439 1273 ut
451 1213 482 1273 in
497 1212 618 1273 licentia
631 1213 795 1292 vetustatis,
822 1210 917 1290 pluris
931 1211 987 1271 deo
1001 1218 1083 1272 ortos

73 1301 229 1381 plurisque
254 1303 351 1379 gentis
374 1299 598 1381 appellationes,
620 1298 733 1362 blarsos
757 1299 941 1361 Gambrivios
967 1297 1083 1360 Suebos
1097 1321 1123 1363 rs

72 1389 224 1450 Vandilios
238 1387 406 1469 adiirmant,
429 1406 522 1469 eaque
536 1405 606 1450 vera
625 1396 656 1449 et
669 1390 790 1469 antiqua
803 1389 931 1450 nomina.
951 1393 1084 1448 ceterum

75 1476 251 1537 Germaniae
265 1473 441 1536 vocabulum
455 1493 560 1537 recens
575 1482 605 1537 et
618 1494 714 1556 nuper
728 1476 869 1558 additum,
884 1477 1023 1557 quoniam
1032 1476 1085 1554 qui

75 1565 167 1644 primi
184 1562 321 1624 Rhenum
339 1565 518 1641 transgressi
536 1562 634 1624 Gallos
653 1565 820 1644 expulerint
847 1583 881 1626 ao
905 1582 985 1626 nunc
1004 1563 1083 1624 'lun-

75 1655 131 1732 gri,
163 1659 236 1712 tunc
264 1649 402 1711 Germani
429 1652 526 1712 vocati
553 1653 626 1712 sint:
658 1653 699 1713 ita
722 1654 849 1714 nationis
873 1671 997 1734 nomen,
1024 1670 1083 1713 non

75 1742 172 1820 gentis
196 1738 339 1801 evaluisse
362 1737 513 1820 paulatim,
536 1744 571 1798 ut
593 1755 695 1799 omnes
716 1743 846 1817 primum
868 1759 884 1801 a
906 1743 1020 1802 victore
1045 1739 1083 1801 ob
1097 1764 1125 1806 ao

75 1836 204 1908 metum,
227 1845 296 1887 mox
315 1829 404 1887 etiam
423 1844 439 1887 a
458 1844 490 1887 se
509 1827 584 1905 ipsis
604 1827 724 1886 invento
743 1829 862 1887 nomine
879 1827 1018 1888 Germani
1036 1846 1085 1889 vo·

76 1924 224 1978 canentur.
801 1921 803 1924 ⁴

144 2001 174 2065 3.
197 2003 303 2065 Fuisse
321 2004 397 2082 apud
418 2021 469 2064 eos
488 2011 518 2066 et
534 2002 694 2066 Herculem
707 2013 881 2086 memorant,
895 2006 1085 2084 primumque

77 2094 211 2154 omnium
229 2092 361 2152 virorum
379 2091 501 2154 fortium
518 2094 591 2154 ituri
610 2094 642 2153 in
660 2092 772 2172 proelia
787 2101 905 2154 canunt.
943 2101 1014 2154 sunt
1027 2092 1085 2154 illis

76 2182 150 2242 haec
175 2197 293 2260 quoque
316 2181 455 2260 carmina,
478 2198 606 2260 quorum
628 2180 736 2263 relatu,
760 2199 850 2260 quem
868 2181 1018 2244 harditum
1037 2199 1109 2248 vo·.

78 2277 154 2349 cant,
178 2267 344 2338 accendunt
366 2269 480 2330 animos
503 2269 680 2348 futuraeque
704 2287 821 2349 pugnae
846 2270 994 2331 fortunam
1018 2271 1084 2350 ipso

77 2365 168 2418 cantu
187 2363 385 2437 augurantur3
408 2364 524 2418 terrent
546 2359 626 2418 enim
649 2357 848 2439 trepidantve,
871 2366 961 2437 prout
984 2361 1111 2424 sonuits

78 2447 165 2525 acies,
189 2462 245 2505 nec
267 2452 327 2506 tam
349 2445 431 2505 vocis
449 2443 499 2505 ille
518 2462 606 2524 quam
630 2447 749 2507 virtutis
772 2454 936 2508 concentus
959 2447 1084 2508 videtur.

77 2534 242 2593 adfectatur
260 2533 581 2612 praecipueasperitas
599 2535 666 2594 soni
684 2542 715 2595 et
735 2533 862 2596 inactum
876 2551 1021 2614 murmur,
1034 2533 1085 2595 ob·

76 2623 163 2682 lectis
178 2621 213 2681 ad
229 2638 263 2680 os
277 2621 384 2700 scutis,
399 2638 458 2700 quo
472 2620 588 2699 plenior
602 2628 632 2682 et
645 2623 763 2701 gravior
776 2639 833 2681 vox
847 2638 1028 2700 repercussu
1041 2622 1085 2682 in·

76 2716 231 2772 tumescat.
264 2715 397 2770 ceterum
420 2715 451 2770 et
472 2707 578 2770 Ulixen
601 2709 720 2789 quidam
744 2710 903 2789 opinantur
924 2708 1011 2788 longo
1033 2708 1084 2771 illo

148 2880 176 2948 2,
190 2887 207 2934 4
226 2894 339 2933 aversus
357 2878 504 2934 Acidaliae
519 2880 524 2946 Ι
540 2884 557 2934 8
575 2877 600 2932 si
618 2895 667 2935 orn.
687 2881 703 2935 b
724 2882 728 2948 Ι
751 2886 784 2934 10
801 2879 964 2935 Tuistonem
983 2881 1016 2936 02
1034 2882 1084 2934 tn·

73 2955 188 3007 otonem
205 2950 262 3018 Bb,
279 2948 434 3003 Teutonem
453 2950 623 3016 Perizonius,
641 2950 675 3017 cf.
695 2949 749 3017 Mf·
764 2967 794 3019 P·
809 2955 865 3014 269
883 2952 888 3022 Ι
905 2956 936 3006 11
956 2949 1084 3006 condito·

72 3036 176 3090 resque
194 3020 357 3076 Rhenanus:
377 3018 585 3087 conditorisque
602 3020 662 3087 Bb,
682 3019 834 3074 conditoris
850 3021 880 3087 0,
899 3021 1085 3076 conditorem·

71 3108 132 3162 que
151 3093 186 3147 al.
203 3092 208 3158 Ι
226 3096 257 3145 13
276 3091 449 3159 Inguaeones
468 3089 523 3157 ΜΓ.
538 3092 660 3160 112501
675 3089 834 3145 hermiones
852 3091 962 3157 Bb¹Gl
978 3090 1085 3144 Isbnae·

70 3179 127 3217 nes
148 3162 213 3229 Ms.¹
236 3161 402 3215 Isceevones
424 3160 452 3216 J.
474 3159 580 3216 &imm
595 3163 655 3231 Ι.14
672 3160 767 3230 plures
787 3162 828 3230 01
849 3161 884 3218 de
907 3178 940 3218 eo
967 3163 1003 3217 al.
1024 3162 1029 3230 Ι
1051 3165 1084 3214 ib

70 3233 227 3304 pluresque
249 3230 328 3300 ΒΟΙ
347 3229 511 3300 ganbriuios
531 3229 564 3298 0,
588 3230 732 3300 gabrinios
751 3231 801 3300 b¹l
821 3246 921 3285 suenos
939 3229 1004 3296 Bo,
1022 3232 1086 3285 item

69 3305 149 3360 alias
165 3305 169 3371 Ι
188 3307 220 3356 16
238 3301 386 3356 nandalios
406 3302 441 3371 bl
460 3306 492 3356 18
511 3316 544 3356 oo
561 3301 629 3358 BG:
649 3303 681 3356 ut
699 3303 715 3356 b
736 3303 741 3371 Ι
763 3306 795 3356 lo
814 3316 916 3354 nomen
934 3298 965 3352 in
983 3314 1085 3354 nomen

69 3373 170 3444 gentis
180 3373 340 3439 Acidaliae,
357 3387 460 3426 nomen
477 3369 507 3425 in
526 3371 619 3441 gentis
637 3373 689 3428 olii
704 3375 708 3441 l
724 3377 759 3425 20
777 3385 796 3424 a
813 3369 888 3424 victo
907 3369 968 3425 Joo.
979 3369 1085 3426 Grimm

71 3451 76 3517 Ι
95 3444 152 3508 3,3
171 3440 253 3514 baec]
274 3443 337 3510 sort.
356 3441 471 3497 heroica
483 3443 525 3498 ocl
537 3442 641 3497 bellice
655 3444 660 3512 Ι
675 3439 800 3496 baritum
817 3440 855 3495 ol.
871 3440 876 3511 Ι
892 3445 909 3494 6
923 3439 1012 3497 vocis.
1023 3440 1085 3499 .ille

73 3513 189 3571 ridetur
207 3513 370 3569 Rhenanus:
388 3528 473 3568 uoces
491 3511 541 3567 ille
559 3511 661 3584 (illae).
673 3508 817 3568 ,uidentur
