2378 3982
136 191 202 256 310
498 189 801 246 cosnnnnmom

136 339 182 400 vel
195 356 263 398 raro
277 336 324 398 vel
337 356 513 419 numquam,
530 339 702 417 ingentibus
715 338 815 400 verbis
828 347 1062 418 persequanturt
1076 359 1141 401 cum

136 427 171 487 ad
186 443 272 487 veros
287 426 401 486 iudices
416 434 536 486 ventum
551 425 570 467 ’¹‘
585 425 604 467 ’¹‘
619 426 639 468 ³¹⁸

203 510 255 575 36.
278 510 331 555 ²⁸*
345 513 365 555 *
379 531 444 573 rem
458 515 597 592 cogitant.
610 514 685 575 nihil
698 513 810 575 humile
822 512 869 575 rel
884 513 1033 577 abiectum
1044 514 1140 595 eloqui

135 608 259 681 poterat.
296 618 400 679 magna
420 600 600 680 eloquentia,
622 604 699 663 sicut
713 602 841 683 ilamma,
863 605 989 663 materia
1006 604 1097 665 alitur
1115 615 1142 664 et

135 689 266 750 motibus
290 690 435 749 excitatur
458 696 488 749 et
509 689 623 749 urendo
647 689 792 751 clarescit.
824 689 927 751 eadem
945 693 1021 752 ratio
1040 694 1072 752 in
1092 710 1141 752 no·

136 785 197 838 stra
216 794 335 855 quoque
354 777 472 836 civitate
490 778 680 855 antiquorum
694 777 893 857 eloquentiam
907 781 1052 855 provexit.
1076 795 1142 840 nam

107 867 193 926 setsi
215 864 322 924 horum
345 881 463 943 quoque
486 871 654 943 temporum
672 872 805 926 oratores
832 883 867 926 ea
893 869 1048 928 consecuti
1066 876 1143 948 sunt,

103 946 105 951 ’
137 969 211 1032 quae
230 952 392 1029 composita
414 958 444 1011 et
464 953 564 1030 quieta
582 959 613 1012 et
625 950 711 1012 beata
728 970 760 1012 re
774 951 894 1030 publica
907 952 999 1013 tribui
1012 954 1058 1014 las
1073 965 1144 1035 erat,

135 1049 234 1100 tamen
252 1037 302 1098 illa
319 1038 543 1117 perturbatione
562 1057 596 1100 ac
613 1039 733 1100 licentia
749 1039 836 1118 plura
857 1039 914 1100 sibi
927 1039 1053 1119 adsequi
1065 1043 1143 1102 vide·

135 1127 257 1206 bantur,
286 1144 354 1186 cum
372 1128 472 1186 mixtis
491 1126 627 1187 omnibus
646 1134 676 1187 et
696 1127 882 1187 moderatore
896 1145 956 1188 uno
971 1129 1143 1190 carentibus

136 1224 253 1277 tantum
268 1216 394 1292 quisque
410 1220 510 1274 orator
524 1221 654 1292 saperet,
669 1221 813 1293 quantum
827 1207 939 1275 erranti
951 1216 1063 1294 populo
1077 1235 1145 1296 per·

97 1322 123 1362 ιο
137 1304 263 1364 suadere
276 1309 400 1380 poterat.
424 1301 493 1361 hinc
503 1300 583 1379 leges
594 1301 729 1362 assiduae
743 1309 773 1362 et
786 1302 929 1380 populare
942 1320 1061 1384 nomen,
1075 1305 1145 1366 hinc

136 1393 290 1453 contiones
304 1391 527 1467 magistratuum
540 1405 634 1465 paene
647 1392 886 1467 pernoctantium
899 1392 931 1451 iu
944 1394 1061 1471 rostris,
1074 1393 1146 1454 hinc

137 1480 340 1541 accusationes
360 1476 527 1554 potentium
540 1493 662 1537 reorum
675 1484 706 1537 et
720 1476 888 1556 adsignatae
903 1479 991 1538 etiam
1006 1480 1146 1542 domibus

136 1567 321 1643 inimicitiae,
343 1563 413 1623 hinc
435 1580 595 1640 procerum
613 1564 755 1626 factiones
775 1572 805 1626 et
825 1565 944 1626 assidua
958 1575 1081 1647 senatus
1096 1571 1146 1630 ad·

137 1670 241 1713 versus
264 1650 381 1729 plebem
399 1653 568 1713 certamina.
615 1670 689 1730 quae
717 1652 832 1731 singula
856 1655 914 1714 etsi
940 1654 1148 1718 distrahebant

98 1757 123 1800 aa
137 1739 374 1820 rempublicam,
388 1738 565 1800 exercebant
577 1748 677 1800 tamen
691 1739 809 1801 illorum
822 1748 990 1820 temporum
1004 1743 1146 1823 eloquen-

137 1831 208 1891 tiam
232 1836 262 1888 et
285 1829 398 1906 magnis
418 1827 568 1888 cumulare
582 1829 722 1906 praemiis
742 1827 927 1910 videbantur,
950 1832 1019 1908 quia
1034 1823 1146 1912 quanto

138 1921 264 1998 quisque
285 1916 352 1995 plus
374 1915 498 1976 dicendo
518 1922 647 1996 poterat,
673 1923 754 1977 tanto
775 1916 890 1978 facilius
912 1917 1042 1980 honores
1061 1921 1145 1982 adse·

136 2005 298 2086 quebatur,
317 2011 398 2064 tanto
417 2006 509 2081 magis
533 2006 564 2064 in
582 2005 655 2082 ipsis
674 2004 838 2065 honoribus
857 2004 983 2083 collegas
1003 2023 1075 2068 suos
1095 2027 1144 2069 an·

137 2094 243 2175 teibat,
265 2099 347 2153 tanto
369 2091 437 2170 plus
456 2090 533 2170 apud
550 2093 701 2170 principes
722 2093 847 2174 gratiae,
870 2093 937 2171 plus
956 2098 1142 2157 auctoritatis

98 2199 124 2239 so
139 2183 216 2261 apud
235 2187 348 2260 patres,
370 2178 438 2257 plus
456 2181 577 2239 notitiae
596 2197 630 2240 ac
648 2181 776 2240 nominis
789 2181 867 2259 apud
881 2180 999 2259 plebem
1013 2183 1142 2261 parabat.

138 2271 170 2330 bi
198 2266 343 2329 clientelis
363 2269 450 2326 etiam
473 2274 641 2328 exterarum
663 2270 816 2329 nationum
840 2269 1060 2352 redundabant,
1092 2271 1142 2333 hos

95 2359 99 2365 ’
137 2358 211 2418 ituri
224 2358 255 2416 in
269 2355 436 2435 provincias
449 2356 638 2433 magistratus
652 2355 878 2438 reverebantur,
900 2357 955 2418 hos
968 2361 1086 2419 reversi
1099 2379 1142 2420 co·

140 2444 253 2525 lebant,
273 2442 329 2505 hos
348 2450 377 2504 et
394 2450 551 2522 praeturae
566 2451 596 2504 et
609 2443 780 2505 consulatus
793 2462 899 2505 vocare
913 2443 992 2506 ultro
1007 2446 1142 2508 videban-

139 2542 202 2615 tur,
220 2532 252 2594 hi
265 2550 303 2594 ne
316 2533 423 2612 privati
437 2531 556 2610 quidem
571 2533 634 2593 sine
647 2539 794 2610 potestate
808 2539 906 2614 erant,
925 2551 994 2594 cum
1008 2542 1039 2595 et
1052 2554 1142 2615 popu-

100 2640 125 2679 ss
139 2623 202 2684 lum
219 2630 249 2684 et
263 2628 397 2682 senatum
412 2619 535 2681 consilio
549 2627 580 2680 et
593 2621 768 2681 auctoritato
781 2627 928 2698 regerent.
966 2624 1039 2700 quin
1053 2625 1141 2684 immo

139 2710 197 2771 sibi
215 2713 273 2788 ipsi
290 2715 500 2788 persuaserant
517 2709 666 2768 neminem
683 2709 748 2768 sine
766 2707 934 2786 eloquentia
952 2716 1003 2769 aut
1021 2710 1143 2791 adsequi

138 2815 227 2878 posse
248 2799 279 2855 in
299 2797 417 2856 civitate
436 2802 487 2855 aut
500 2797 579 2855 tueri
593 2797 788 2874 conspicuum
801 2804 831 2856 et
845 2799 1024 2857 eminentem
1037 2796 1142 2860 locum.

138 2903 195 2948 nec
209 2888 326 2964 mirum,
340 2901 408 2945 cum
419 2883 506 2943 etiam
516 2884 600 2944 inviti
614 2884 650 2944 ad
659 2883 802 2963 populum
816 2883 1063 2973 producerentur,
1077 2905 1143 2950 cum

1138 3032 1142 3058 l

209 3092 255 3163 bb,
270 3099 304 3148 22
322 3095 526 3163 persequantur
541 3094 621 3150 Poe:
639 3092 864 3167 prosequuntur}
880 3106 913 3156 23
932 3099 1060 3173 ventum]
1082 3100 1146 3158 ‘Hic

137 3164 240 3219 desunt
258 3180 306 3218 sex
323 3164 451 3234 pagella?
471 3166 499 3219 B
522 3171 547 3222 et
569 3167 694 3223 seniliter
711 3170 727 3224 b
745 3171 777 3225 in
794 3187 855 3225 mor
874 3191 896 3240 .,·
926 3172 959 3226 ia
977 3170 1035 3226 OF
1050 3179 1089 3230 eet
1107 3176 1146 3229 lu-

137 3252 211 3291 ewna
226 3237 231 3304 Ι
247 3234 318 3302 36,1
338 3235 462 3304 cogitare
474 3235 538 3303 OF,
554 3237 618 3305 fort.
633 3239 772 3308 cogitaret
787 3241 792 3309 Ι
806 3241 853 3295 vel
883 3240 956 3301 nihil
975 3240 1051 3311 OF!
1068 3250 1084 3298 6
1103 3243 1146 3298 fas

139 3322 196 3360 non
214 3305 368 3374 Sebultinq,
390 3305 470 3360 nefas
488 3307 631 3364 Andreseo
646 3311 651 3378 Ι
667 3316 682 3364 'l
701 3309 745 3364 illi
763 3311 905 3366 Gaatmaem
920 3314 924 3380 Ι
941 3319 956 3365 9
975 3313 1147 3382 persuaderi,

137 3393 186 3432 em.
205 3376 355 3431 Heumaam
383 3378 388 3446 1
420 3382 452 3430 12
470 3379 709 3434 rerum·Bb¹OF
730 3383 735 3450 Ι
760 3387 793 3436 16
813 3380 959 3437 stimulare
979 3383 1149 3440 comesses

136 3447 197 3502 coll.
216 3463 238 3503 c.
257 3450 294 3501 37
311 3447 350 3500 io.
372 3447 376 3512 1
398 3452 432 3501 20
449 3449 570 3517 parabat
588 3450 730 3506 Pithoeus:
748 3451 888 3521 probabat
903 3455 908 3522 Ι
924 3459 958 3507 tc
977 3452 1034 3523 ipsi
1053 3471 1103 3511 om.
1124 3457 1149 3523 b,

120 3515 194 3585 fort,
215 3515 284 3583 quin
304 3531 400 3572 omnes
420 3516 473 3572 sibi
491 3521 687 3588 persuaserant
