2378 3982
133 200 199 266 286
482 196 787 254 conuunnrlcnu

135 350 267 427 quentia,
290 365 346 407 nec
367 364 473 406 vereor
496 364 534 405 ne
552 345 626 405 mibi
643 363 783 424 umquam
802 343 892 405 rerba
909 345 941 405 in
960 352 1067 407 senatu
1085 347 1133 408 nisi

133 454 189 516 pro
204 436 326 496 alterius
341 434 511 494 discrimine
526 434 659 494 iacienda
675 435 742 493 sint.

203 514 252 584 12.
271 523 398 583 Nemora
421 540 491 583 vero
511 529 541 582 et
558 521 619 583 luci
632 530 663 583 et
677 527 825 582 secretum
839 522 951 602 ipsum,
971 523 1051 600 quod
1064 523 1131 602 Aper

134 611 318 690 increpabat,
336 618 446 671 tantam
465 610 539 670 mihi
557 605 695 670 adierunt
708 609 900 690 voluptatem,
919 617 954 670 ut
967 612 1048 671 inter
1060 629 1129 690 prae·

135 702 238 776 cipuos
253 701 416 760 carminum
431 699 547 759 fructus
561 715 724 778 numerem,
738 697 817 776 quod
831 715 890 757 non
901 699 933 758 in
946 701 1074 778 strepitu
1085 717 1128 759 nec

135 788 256 849 sedente
280 795 348 847 ante
366 789 475 847 ostium
496 787 642 864 litigatore
662 803 717 846 nec
736 787 815 846 inter
833 784 937 847 sordes
955 804 990 847 ac
1008 786 1129 849 lacrimas

109 903 121 943 ⁶
135 894 255 936 reorum
270 882 501 955 componuntur,
520 874 572 935 sed
587 873 700 934 secedit
713 875 830 934 animus
842 875 874 933 in
887 873 951 935 loca
965 893 1042 955 pura
1054 883 1129 955 atque

134 965 304 1024 innocentia
322 963 490 1041 fruiturque
509 961 630 1023 sedibus
651 963 752 1022 sacris.
788 961 861 1023 baec
880 960 1065 1041 eloquentiae
1079 964 1140 1042 pri·.

135 1052 257 1131 mordia,
276 1051 349 1112 baec
367 1050 543 1132 penetralia3
561 1051 618 1111 boc
635 1053 765 1129 primum
783 1048 887 1110 habitu
906 1050 1049 1130 cultuque
1064 1069 1126 1112 conr

134 1140 271 1200 mendata
289 1139 463 1201 mortalibus
480 1142 512 1199 in
528 1138 578 1199 illa
592 1146 672 1199 casta
686 1146 716 1198 et
729 1137 819 1199 nullis
833 1145 968 1200 contacta
982 1141 1061 1200 vitiis
1073 1157 1126 1219 pec·

135 1235 200 1289 tora
214 1228 346 1289 influxit:
361 1216 404 1289 sic
418 1227 537 1288 oracula
550 1225 756 1305 loquebantur.
780 1244 847 1287 nam
860 1226 996 1288 lucrosae
1010 1227 1093 1289 buius
1104 1231 1125 1287 et

97 1343 123 1382 ιο
137 1319 340 1395 sanguinantis
352 1316 537 1395 eloquentiae
551 1332 624 1375 usus
638 1332 743 1374 recens
758 1321 788 1374 et
801 1314 885 1375 malis
899 1315 1034 1377 moribus
1047 1323 1124 1391 natm

136 1413 238 1485 atque,
256 1413 290 1466 ut
304 1413 337 1465 tu
351 1403 483 1483 dicebas,
501 1402 599 1481 Aper,
612 1404 642 1463 in
661 1401 759 1463 locum
773 1401 826 1463 teli
839 1411 986 1482 repertus.
1010 1412 1124 1466 ceterum

136 1493 206 1553 felix
216 1492 288 1552 illud
303 1499 340 1570 et,
355 1498 389 1552 ut
400 1509 482 1551 more
492 1499 593 1550 nostro
604 1490 717 1572 loquar,
731 1508 855 1551 aureum
865 1491 1025 1573 saeculum,
1035 1500 1064 1554 et
1076 1507 1124 1553 ora·

132 1589 235 1640 ¹torum
254 1586 284 1639 et
302 1581 460 1640 criminum
479 1581 578 1659 inops,
595 1581 693 1659 poetis
711 1585 741 1639 et
759 1579 874 1640 vatibus
893 1579 1071 1662 abundabat,
1087 1577 1124 1659 qul

136 1665 212 1739 bene
227 1667 303 1727 lacta
317 1674 470 1749 canerent,
483 1685 544 1728 non
559 1669 611 1746 qui
625 1666 699 1727 male
713 1666 1055 1738 admissadelenderent
1083 1682 1124 1728 nec

97 1780 123 1821 ιε
136 1754 205 1815 ullis
219 1764 271 1816 aut
284 1754 376 1834 gloria
390 1757 484 1816 maior
498 1763 549 1816 aut
558 1757 711 1834 augustior
719 1755 823 1837 honor,
836 1757 967 1834 primum
976 1757 1055 1837 apud
1063 1756 1124 1832 deos,

137 1862 264 1921 quorum
278 1845 414 1922 prolerre
428 1861 571 1922 responsa
585 1851 615 1903 et
627 1846 772 1904 interesse
787 1844 883 1922 epulis
897 1844 1076 1926 ferebantur,
1090 1843 1124 1904 de

61 1989 68 2002 ,
136 1932 206 1992 inde
229 1932 308 2010 apud
327 1932 392 1992 illos
411 1933 457 1992 dis
475 1933 591 2010 genitos
612 1949 771 2010 sacrosque
786 1950 883 2012 reges,
903 1934 983 1993 inter
1002 1947 1130 2012 quosne,

136 2023 247 2080 minem
266 2021 456 2098 causidicum,
476 2019 527 2080 sed
543 2018 659 2099 Orphea
678 2026 708 2079 et
721 2019 829 2080 Linum
843 2038 885 2100 ac,
905 2023 931 2080 si
947 2022 1131 2100 introspicere

138 2108 226 2169 altius
239 2108 320 2187 velis,
334 2110 434 2186 ipsum
447 2106 612 2185 Apollinem
626 2109 801 2184 accepimus.
824 2108 872 2169 vel
885 2110 911 2168 si
924 2109 998 2171 baec
1013 2108 1125 2170 fabulosa

98 2221 124 2261 oo
137 2199 226 2256 nimis
241 2205 270 2256 et
285 2196 447 2273 composita
460 2195 607 2275 videntur,
620 2194 693 2257 illud
708 2202 789 2256 certe
804 2197 875 2257 mibi
888 2197 1042 2278 concedes,
1057 2198 1124 2275 Aper,

137 2301 197 2343 non
212 2285 356 2342 minorem
374 2283 517 2343 bonorem
535 2282 662 2344 Homero
682 2301 770 2362 quam
788 2283 979 2345 Demostheni
997 2285 1073 2365 apud
1089 2292 1140 2362 pot

138 2378 247 2449 steros,
266 2388 321 2430 nec
340 2370 560 2449 angustioribus
579 2373 714 2432 terminis
733 2372 838 2433 famam
856 2372 1009 2452 Euripidis
1027 2380 1077 2434 aut
1089 2366 1140 2430 Sei

136 2458 252 2537 pboclis
273 2477 360 2537 quam
375 2459 479 2538 Lysiae
493 2467 544 2521 aut
557 2459 716 2539 lipperidis
729 2459 849 2521 includi.
880 2460 983 2539 plures
997 2461 1082 2522 bodie
1092 2473 1125 2518 re

137 2549 248 2627 peries,
268 2550 319 2626 qui
337 2547 489 2608 Ciceronis
512 2548 635 2626 gloriam
656 2566 745 2627 quam
763 2552 815 2627 qni
833 2547 947 2627 Virgilii
965 2549 1126 2610 detrectent:

99 2658 124 2699 is
138 2654 193 2696 nec
211 2635 290 2697 ullus
311 2637 405 2696 Asinii
423 2644 474 2696 aut
492 2636 642 2697 blessallae
666 2636 741 2696 liber
759 2643 820 2696 tam
837 2636 973 2697 inlustris
991 2645 1038 2698 est
1057 2646 1126 2716 quam

138 2723 239 2784 bledea
254 2723 351 2783 Ovidii
365 2731 416 2783 aut
430 2722 510 2784 Varii
529 2723 680 2803 Thyestes.

206 2808 256 2872 13.
276 2810 319 2871 dc
338 2829 375 2871 ne
393 2812 542 2872 fortunam
562 2812 680 2890 quidem
698 2819 798 2873 vatum
817 2821 847 2874 et
864 2812 938 2874 illud
957 2813 1028 2874 felix
1042 2816 1127 2873 contu·

209 2962 281 3031 lue
299 2962 427 3033 increpat
443 2964 459 3019 b
476 2967 480 3032 Ι
496 2971 513 3018 8
531 2963 562 3017 in
580 2963 700 3032 strepitu
717 2963 795 3017 urbis
814 2964 956 3035 Scbopenl
973 2970 989 3020 7
1007 2973 1129 3020 commcn-

139 3035 207 3089 data
226 3036 368 3091 Muretus:
387 3034 534 3089 commoda
552 3034 740 3115 (commodata
757 3035 883 3104 Lipsius)
899 3037 904 3103 Ι
920 3041 937 3090 8
955 3033 986 3088 in
1004 3034 1057 3089 illa
1074 3026 1130 3112 03³2

139 3108 168 3160 et
186 3105 241 3160 ista
258 3107 308 3160 Bb
333 3108 337 3172 Ι
363 3111 397 3160 10
420 3105 578 3174 saginamus
595 3107 635 3161 cd.
654 3106 778 3160 Imttioa
795 3122 821 3160 a.
840 3109 926 3172 1527,
953 3102 1083 3176 sanguini
1097 3115 1129 3182 pn·

138 3175 244 3230 hiantis
262 3177 460 3246 Bezzmberqer
489 3179 493 3242 Ι
523 3177 552 3229 et
570 3191 604 3230 ex
621 3175 704 3229 malis
723 3175 754 3230 F
780 3177 785 3243 Ι
815 3181 848 3231 to
865 3175 942 3230 ullus
958 3177 1009 3231 Bb
1034 3179 1039 3247 Ι
1057 3182 1132 3230 metor

139 3248 267 3316 Lipsius:
294 3263 373 3302 more
391 3253 463 3316 (mor
481 3247 508 3314 b)
615 3246 678 3315 Bb,
706 3261 783 3300 more
802 3245 843 3313 1⁴⁷,
875 3246 907 3300 in
925 3262 972 3301 ore
993 3245 1027 3315 0,
1057 3239 1133 3300 maior

140 3318 310 3372 orettBitter
331 3320 335 3387 Ι
357 3324 390 3373 16
409 3315 513 3388 epulis]
532 3316 652 3370 oraculis
672 3318 716 3370 M.
734 3316 836 3386 Haupt
855 3317 860 3385 Ι
881 3323 914 3370 17
933 3315 1005 3372 istos
1023 3315 1089 3383 Bbl
1105 3311 1131 3365 1⁸

140 3387 354 3455 causidicorum,
373 3404 420 3444 eon.
435 3388 586 3442 Heumann
601 3391 605 3456 Ι
623 3392 656 3441 18
675 3388 704 3440 et
722 3387 790 3442 OF:
808 3403 842 3442 uc
859 3387 909 3442 Bb
925 3388 981 3456 120
998 3383 1133 3442 uideantur

142 3458 197 3513 Gb¹
213 3460 218 3528 Ι
233 3459 311 3512 istud
330 3460 377 3513 Bb
393 3461 398 3526 Ι
414 3458 551 3525 concedis,
571 3475 618 3513 em.
633 3457 789 3525 Acidalia,
805 3459 841 3526 cf.
860 3473 882 3514 c.
893 3461 981 3526 33‚24
995 3460 1001 3529 1
1017 3458 1131 3514 libent·

53 3584 57 3591 ¹
135 3543 197 3580 rem
215 3529 316 3582 heberi
334 3529 434 3600 Multo
449 3533 454 3600 l
470 3528 544 3596 tu,1
563 3528 641 3583 istud
658 3528 722 3584 Bb¹
