2378 3982
289 231 383 288 DIAL.
401 233 449 288 De
469 233 695 289 ORATORIBUS
713 240 826 291 21-23.
999 233 1065 300 297

64 379 137 442 relut
152 379 290 459 rubigine
300 381 453 462 infectum,
466 380 540 442 nulli
550 399 656 442 sensus
670 382 753 443 tarda
768 389 798 442 et
811 384 901 443 inerti
915 390 1065 444 structura

64 471 88 530 ln
102 487 216 530 morem
226 468 374 530 annalium
389 477 617 550 componantur;
631 470 737 548 fugitet
750 470 866 531 foedam
880 476 911 530 et
923 470 1065 532 insulsam
1079 491 1106 534 aa

64 558 284 638 scurrilitatem,
307 559 401 617 variet
429 559 685 639 compositionem,
707 576 763 619 nec
791 575 894 619 omnes
920 558 1066 620 clausulas

64 664 118 706 uuo
131 654 163 708 et
176 645 280 706 eodem
294 645 381 705 modo
396 644 581 706 determinet.
681 705 687 714 ,
876 705 879 710 .

123 729 176 795 23.
198 732 273 793 ΝοΙο
301 732 432 793 inridere
458 742 570 793 rotam
597 733 779 795 Fortunae
803 736 914 795 etius
946 736 1067 796 verri-

64 839 138 881 num
153 829 183 882 et
196 820 269 882 illud
283 822 371 880 tertio
387 839 504 900 quoque
519 839 609 883 seusu
622 824 654 882 in
668 821 805 883 omnibus
818 821 1002 882 orationibus
1011 839 1066 900 pro

65 911 205 970 sententia
232 911 363 987 positum
391 927 469 969 esse
497 910 674 971 videatur.
710 929 779 971 nam
801 917 831 970 et
854 909 927 971 haec
954 911 1066 971 invitus

64 997 161 1058 rettuli
179 1004 209 1058 et
227 996 313 1075 plura
331 999 430 1077 omisi,
455 1015 529 1075 quae
548 1005 647 1058 tamen
665 997 727 1060 sola
745 999 891 1059 mirantur
910 1006 998 1077 atque
1016 1016 1066 1058 ex·

64 1088 192 1163 primunt
209 1087 240 1165 ii,
259 1087 311 1163 qui
329 1102 361 1145 se
376 1087 513 1163 antiquos
527 1093 660 1145 oratores
673 1093 788 1146 vocant.
811 1088 960 1146 neminem
974 1087 1094 1148 nomi-a

66 1173 149 1254 nabo,
171 1190 266 1252 genus
279 1172 432 1233 hominum
454 1173 635 1251 significasse
650 1181 822 1235 contentus:
845 1174 897 1234 sed
911 1173 996 1234 vobis
1009 1175 1066 1234 uti·

67 1277 117 1338 que
135 1268 292 1322 versantur
311 1268 379 1322 ante
398 1254 575 1342 oculos‘illi,
602 1264 653 1340 qui
671 1260 819 1322 lucilium
831 1278 886 1341 pro
901 1260 1022 1321 Horatio
1037 1267 1067 1320 et

66 1345 230 1410 Lucretium
244 1367 299 1428 pro
314 1347 435 1427 Virgilio
449 1348 560 1429 legunt,
575 1349 684 1428 quihus
699 1350 866 1428 eloquentia
875 1349 973 1410 Aufidi
982 1347 1067 1408 Bassi

67 1444 113 1497 aut
126 1435 241 1498 Servilii
255 1436 382 1496 Noniani
401 1455 436 1496 ex
456 1440 675 1515 comparatione
697 1437 839 1499 Sisennae
857 1444 909 1498 aut
926 1435 1066 1498 Varronis

68 1525 175 1605 sordet,
203 1527 255 1603 qul
282 1524 436 1585 rhetorum
463 1531 635 1585 nostrorum
662 1526 889 1587 commentarios
912 1522 1067 1586 fastidiunt
1080 1544 1108 1584 so

68 1607 231 1693 [oderamt],
245 1612 325 1673 Calvi
345 1615 499 1673 mirantur.
544 1631 618 1691 quos
636 1632 718 1674 more
732 1616 831 1692 prisco
846 1613 923 1692 apud
937 1612 1067 1674 iudicem

65 1697 225 1762 fabulantes
239 1718 299 1761 non
317 1700 468 1761 auditores
487 1708 667 1782 sequuntur,
690 1719 749 1761 non
763 1702 891 1780 populus
905 1702 1001 1781 audit,
1019 1703 1067 1761 vix

65 1786 188 1868 denique
213 1786 343 1866 litigator
368 1790 548 1867 perpetitur:
575 1789 648 1849 adeo
674 1791 779 1849 maesti
804 1796 835 1848 et
854 1787 960 1849 inculti
987 1787 1067 1848 illam

63 1873 164 1956 ipsam,
179 1893 266 1954 quam
280 1878 398 1956 iactant,
413 1878 569 1936 sanitatem
582 1894 642 1937 uon
652 1877 800 1957 firmitate,
814 1875 867 1936 sed
877 1876 987 1935 ieiunio
998 1892 1067 1934 con-

63 1971 236 2044 sequuntur.
258 1982 349 2042 porro
368 1981 405 2023 ne
424 1965 455 2023 in
474 1981 597 2042 corpore
613 1964 733 2042 quidem
747 1963 944 2024 valetudinem
958 1960 1066 2023 medici
1080 1979 1106 2022 ra

61 2051 196 2132 probant,
211 2069 285 2130 quae
304 2053 395 2112 nimia
413 2053 559 2111 anxietate
578 2053 735 2133 contingit3
758 2069 863 2130 parum
882 2057 928 2110 est
946 2067 1068 2127 aegrum

61 2154 120 2200 non
135 2157 214 2201 esse:
236 2140 345 2200 sortem
358 2146 388 2199 et
401 2137 511 2200 laetum
526 2147 556 2200 et
569 2138 696 2200 alacrem
711 2139 784 2200 volo.
813 2156 906 2218 prope
924 2137 1008 2199 abest
1031 2137 1067 2197 alt

61 2225 241 2308 infirmitate,
250 2229 281 2287 in
292 2245 351 2305 quo
361 2226 422 2287 sola
432 2229 542 2288 sanitas
551 2227 696 2289 laudatur.
710 2246 763 2289 vos
772 2246 852 2308 vero,
866 2230 927 2288 viri
935 2227 1067 2287 disertis·

62 2317 139 2396 simi,
154 2323 188 2376 ut
200 2317 334 2396 potestis,
348 2323 382 2376 ut
396 2316 501 2396 facitis,
519 2315 675 2377 inlustrate
690 2315 841 2377 saeculum
855 2322 991 2376 nostrum
1004 2313 1068 2392 pul-

63 2403 211 2464 cherrimo
225 2420 334 2481 genere
353 2403 479 2464 dicendi.
511 2422 578 2464 nam
594 2410 623 2464 et
637 2411 678 2484 te,
702 2404 851 2483 Messalla,
868 2404 953 2463 video
971 2402 1067 2463 laetis·
1082 2421 1110 2461 so

64 2492 136 2552 sima
156 2508 291 2571 quaeque
309 2492 499 2569 antiquorum
512 2493 689 2571 imitantem,
704 2498 735 2552 et
748 2510 808 2570 vos,
823 2491 954 2551 Materne
968 2508 1002 2550 ac
1018 2489 1068 2550 Se·

65 2579 174 2660 eunde,
198 2581 238 2640 ita
256 2581 393 2657 gravitati
415 2596 557 2639 sensuum
579 2581 707 2639 nitorem
730 2586 760 2639 et
779 2578 891 2639 cultum
910 2577 1068 2637 verborum

64 2669 208 2748 miscetis,
226 2684 261 2727 ea
275 2667 380 2729 electio
394 2668 586 2747 inventionis,
608 2669 634 2726 is
649 2665 722 2727 ordo
736 2684 850 2746 rerum,
869 2683 915 2745 ea,
931 2665 1068 2744 quotiens

66 2772 151 2815 cansa
173 2755 284 2836 poscit,
306 2754 440 2835 ubertas,
463 2772 510 2835 ea,
534 2756 670 2833 quotiens
692 2756 851 2834 permittit,
873 2753 1015 2833 brevitas,
1042 2753 1068 2813 is

66 2845 285 2922 compositionis
305 2843 402 2923 decor,
422 2861 456 2902 ea
475 2845 688 2903 sententiarum
701 2843 828 2922 planitas
847 2844 957 2923 est,sic
973 2842 1109 2920 exprim

64 2994 201 3062 quitatem
219 2994 326 3049 olentia
342 2994 497 3060 Androneo,
530 2993 641 3049 exoleta
658 2993 805 3050 Acidaliae
834 2996 839 3060 Ι
868 2992 917 3059 22,
932 2999 968 3046 24
991 2990 1069 3046 velut

62 3064 225 3120 Rhetoricae:
243 3065 290 3120 nel
306 3068 310 3134 Ι
327 3071 360 3119 27
379 3062 512 3118 terminet
529 3065 643 3145 Lipsius
658 3067 663 3133 Ι
679 3065 749 3130 211
770 3062 911 3117 uerrinum
930 3061 996 3116 OF:
1014 3061 1068 3115 Ve-

62 3134 167 3188 trinum
184 3136 234 3191 Bo
254 3139 259 3203 Ι
276 3138 295 3190 '2
314 3134 391 3189 istud
408 3136 456 3204 ΒΙ
477 3140 493 3190 3
511 3133 648 3189 inuitatus
664 3135 669 3202 Ι
685 3140 702 3187 t
719 3135 823 3187 vocant
839 3131 967 3201 Lipsius:
986 3146 1069 3185 noea·

61 3204 131 3260 bant
151 3206 288 3275 (vocitant
301 3207 503 3274 Schurzfletacla)
519 3207 524 3276 Ι
540 3213 555 3260 ‘l
574 3204 619 3257 illi
636 3220 699 3258 noae
718 3203 767 3256 isti
781 3205 787 3272 l
803 3209 820 3258 8
834 3201 939 3282 Aufili]
958 3200 1001 3255 tui
1019 3200 1069 3254 fidi

61 3276 117 3348 111
139 3276 282 3347 [oderunt]
302 3277 465 3341 Heumann,
484 3277 513 3329 et
531 3276 649 3328 oderunt
667 3275 682 3327 1
701 3289 770 3329 corr.
787 3275 792 3342 Ι
807 3273 838 3328 L.
856 3272 930 3327 Aelu
948 3273 1068 3341 Nipper-

59 3347 113 3414 dey
137 3351 142 3415 l
169 3353 201 3401 13
220 3345 305 3400 istam
323 3348 396 3415 Bet
423 3352 457 3400 14
474 3361 531 3399 uon
549 3343 683 3397 firmitate
701 3344 859 3399 Acidaliae:
878 3340 1070 3395 infirmitatem

59 3416 126 3484 oF,
150 3416 397 3484 infirmitatemque
415 3417 463 3471 Bb
479 3417 484 3485 Ι
502 3422 534 3470 16
552 3413 639 3468 nimia
657 3414 687 3468 J.
706 3414 744 3467 H.
763 3415 798 3470 A.
818 3413 942 3469 Sciratae:
961 3411 1068 3483 animi}

59 3492 95 3543 18
113 3487 168 3542 viri
187 3488 250 3543 add.
269 3488 416 3544 Acidaliua
440 3489 444 3556 Ι
470 3491 504 3541 23
523 3501 614 3539 rerum
633 3499 667 3538 ea
689 3484 833 3554 Wopkens:
852 3499 944 3537 rerum
963 3483 992 3537 et
1010 3485 1015 3553 l
1035 3488 1070 3538 at

58 3556 236 3631 permittitur
251 3560 255 3628 Ι
272 3562 305 3612 25
324 3556 446 3627 plenitas
466 3557 481 3612 1
500 3572 578 3623 corr,
597 3554 722 3625 gravitas
741 3554 885 3624 Schulta'np
