2378 3982
414 213 629 270 GERMANIAE
648 222 760 271 15-19.
1023 215 1088 280 229

78 383 132 427 111
147 364 337 444 exquisitius,
360 369 394 423 ut
408 362 517 443 quibus
531 362 630 424 nullus
644 380 699 442 per
713 363 889 423 commercia
903 362 1009 424 cultus.
1038 363 1089 425 oli·

80 460 158 532 gunt
172 452 249 512 ieras
263 458 293 512 et
306 451 439 512 detracta
452 451 595 512 velamina
609 457 753 529 spargunt
766 448 889 510 maculis
902 451 1088 531 pellibusque

78 540 250 621 beluarum,
265 557 338 619 quas
353 541 484 600 exterior
493 538 628 600 Oceanus
642 547 731 618 atque
745 540 879 617 ignotum
893 556 973 599 mare
986 542 1089 619 gignit.

80 647 140 690 nec
158 628 232 689 alius
251 628 369 688 leminis
389 645 478 706 quam
491 629 564 688 viris
577 626 705 707 habitus,
718 628 778 687 nisi
792 626 872 706 quod
886 626 1013 688 feminae
1027 646 1089 689 sae·

81 719 151 797 pius
173 717 259 778 lineis
278 714 436 777 amictibus
454 715 589 776 velantur
602 732 713 794 eosque
726 732 861 794 purpura
875 716 1002 796 variant,
1024 734 1088 794 par·
1103 739 1129 780 1o

81 814 206 883 temque
220 805 347 865 vestitus
362 805 525 882 superioris
538 804 570 865 in
584 806 713 864 manicas
727 821 788 864 non
802 803 980 885 extendunt,
993 803 1090 865 nudae

80 893 206 954 brachia
232 909 267 952 ac
293 891 433 970 lacertos;
460 891 512 952 sed
540 899 570 952 ot
595 894 729 970 proxima
756 909 825 971 pars
848 894 979 970 pectoris
1000 899 1090 971 patet

83 997 262 1060 quamquam
277 996 378 1040 severa
395 978 455 1040 illio
469 981 664 1061 matrimonia,
677 998 733 1041 nec
747 979 837 1041 ullam
850 987 1090 1060 morumpartem

81 1070 178 1146 magis
192 1067 364 1128 laudaveris.
399 1085 468 1128 nam
485 1085 579 1148 prope
597 1068 654 1129 soli
671 1066 866 1129 barbarorum
880 1068 1003 1148 singulis
1018 1087 1090 1130 uxo-

81 1156 167 1217 ribus
181 1157 314 1216 contenti
328 1162 406 1235 sunt,
420 1159 552 1234 exceptis
566 1155 725 1217 admodum
737 1158 854 1235 paucis,
878 1159 930 1236 qui
947 1175 1007 1218 non
1026 1155 1090 1218 libi·
1104 1179 1130 1220 n

84 1245 163 1326 dine,
178 1244 230 1305 sed
244 1243 282 1304 ob
296 1243 480 1305 nobilitatem
493 1244 630 1323 pluribus
644 1246 757 1324 nuptiis
771 1244 951 1306 ambiuntur.

153 1329 203 1394 18.
225 1331 330 1392 Dotem
356 1349 416 1393 non
439 1351 515 1393 uxor
533 1335 653 1411 marito,
676 1333 728 1394 sed
747 1335 835 1394 uxori
852 1335 978 1394 maritus
996 1333 1090 1395 offert.

82 1422 235 1480 intersunt
245 1426 384 1496 parentes
398 1427 429 1479 et
441 1422 603 1500 propinqui
619 1439 652 1482 11
668 1439 791 1483 munera
807 1421 949 1502 probant,
967 1439 1092 1482 munera

83 1525 146 1568 non
155 1506 192 1567 ad
202 1505 323 1566 delicias
332 1505 493 1567 muliebres
503 1511 635 1587 quaesita
651 1527 707 1571 111
722 1509 829 1589 quibus
844 1527 920 1570 nova
933 1517 1026 1589 nupta
1042 1527 1090 1569 co·

83 1604 192 1677 matur,
199 1594 251 1655 sed
262 1593 353 1655 boves
361 1601 391 1655 ot
398 1594 546 1656 frenatum
553 1613 663 1674 equum
670 1604 700 1658 et
709 1606 827 1659 scutum
837 1615 905 1659 cum
915 1597 1025 1658 tramea
1033 1596 1091 1676 gla-

84 1684 203 1763 dioque.
230 1685 262 1744 in
280 1682 354 1743 haec
371 1700 496 1743 munera
515 1700 591 1743 uxor
605 1687 757 1763 accipitur,
772 1693 859 1763 atque
873 1688 1013 1746 invicem
1027 1687 1091 1764 ipsa
1105 1707 1118 1750 s

84 1790 235 1832 armorum
253 1769 363 1850 aliquid
381 1772 445 1831 viro
469 1770 579 1832 adfert:
606 1769 663 1831 boc
676 1773 835 1831 maximum
846 1772 1007 1854 vinculum,
1018 1771 1092 1834 haec

85 1877 192 1920 aroana
205 1876 299 1939 sacra,
317 1858 372 1920 hos
388 1855 643 1936 coniugales'deos
657 1858 849 1918 arbitrantur.
885 1876 923 1918 ne
937 1877 970 1919 se
983 1859 1092 1920 mulier

86 1955 169 2008 extra
190 1948 334 2006 virtutum
352 1948 546 2024 cogitationes
565 1954 707 2025 extraque
729 1944 876 2006 bellorum
894 1963 981 2007 casus
999 1955 1093 2027 putet,

85 2037 159 2113 ipsis
173 2034 343 2112 incipientis
356 2035 536 2095 matrimonii
550 2036 690 2113 auspiciis
704 2033 879 2094 admonetur
892 2035 994 2094 venire
1008 2052 1040 2095 se
1053 2034 1093 2095 la·

85 2122 193 2183 borum
202 2120 463 2202 periculorumque
477 2125 595 2204 sociam,
609 2123 687 2183 idem
701 2124 828 2203 in'pace,
840 2121 920 2182 idem
934 2124 965 2183 in
979 2122 1092 2203 proelio
1106 2147 1133 2188 11

84 2227 240 2291 passuram
254 2227 465 2289 ausuramque:
486 2210 543 2273 boc
557 2213 652 2273 iuncti
665 2209 764 2291 boves,
781 2209 839 2271 hoc
853 2218 974 2289 paratus
988 2228 1092 2293 equus,

84 2298 141 2359 hoc
155 2299 223 2359 data
236 2315 317 2358 arma
330 2297 514 2360 denuntiant.
532 2301 576 2360 sio
589 2298 755 2379 vivendum,
773 2300 816 2360 sic
829 2299 1028 2378 pereundum:
1046 2318 1093 2360 ac·

85 2389 185 2466 cipere
200 2404 232 2447 11
252 2404 327 2465 quac
340 2385 442 2448 liberis
461 2387 599 2448 inviolata
612 2405 647 2448 ac
661 2387 748 2465 digna
762 2385 881 2467 reddat,
904 2404 979 2467 quae
997 2405 1092 2449 nurus

84 2476 232 2554 accipiant
245 2492 410 2554 rursusque
424 2475 461 2536 ad
474 2483 598 2553 nepotes
611 2474 788 2536 referantur.

154 2560 204 2624 19.
222 2561 301 2642 Ergo
324 2569 425 2642 saepta
446 2563 589 2642 pudicitia
612 2571 715 2642 agunt,
742 2561 832 2624 nullis
855 2560 1092 2640 spectaculorum

84 2649 258 2731 inlecebris,
276 2650 365 2711 nullis
384 2651 585 2712 conviviorum
599 2649 816 2711 irritationibus
831 2655 997 2729 corruptae.
1014 2648 1092 2711 litte·

83 2757 187 2800 rarum
206 2746 321 2799 secreta
338 2739 395 2800 riri
414 2739 526 2816 pariter
546 2739 715 2800 acseminae
729 2740 875 2817 ignorant
914 2739 1093 2816 paucissima

82 2830 117 2889 in
135 2834 197 2888 tam
218 2842 377 2887 numerosa
400 2834 487 2905 gente
505 2825 658 2908 adulteria,
691 2843 818 2905 quorum
836 2843 932 2906 poena
950 2843 1092 2905 praesens

158 3049 203 3115 17,
217 3046 358 3104 71111111
374 3047 530 3115 3111111111
561 3053 593 3103 11
612 3047 781 3130 superiorem
799 3048 865 3105 Ped.
889 3048 965 3115 Voss,
985 3047 1091 3103 fidolo.

75 3120 114 3200 f.
126 3119 227 3174 Ponet
241 3122 332 3186 mas
349 3121 353 3184 Ι
371 3124 403 3174 11
421 3118 548 3188 pluribus
566 3135 628 3176 nos:
646 3118 775 3189 plurimis
793 3117 892 3189 (pluris
909 3088 1016 3187 nuptiis
1034 3131 1092 3170 111-

81 3188 169 3245 biunt
190 3188 319 3245 Weidner
337 3189 583 3258 Ferentaneae)
613 3192 618 3260 Ι
646 3190 872 3260 11111111
897 3190 902 3257 Ι
926 3202 1093 3243 1111111111

81 3262 135 3318 del
154 3261 326 3328 Lachmann,
343 3276 461 3316 1111111
478 3260 635 3318 1111111111
649 3262 742 3331 priore
761 3261 827 3327 loco,
842 3258 990 3327 posteriore
1003 3257 1092 3312 Bern-

80 3332 183 3402 hardy,
200 3336 293 3387 tnetnr
309 3331 436 3387 Bdibrens
453 3333 512 3388 coll
532 3300 1092 3412 Ρ111111.1,,325111111111111111·

103 3401 249 3456 oriendum
273 3402 308 3469 0,
334 3400 501 3483 pariendum
518 3402 601 3472 Bo(
601 3401 641 3454 sio
663 3371 839 3466 nubendum,
862 3400 903 3453 sio
926 3396 1093 3467 pariendum

79 3417 246 3542 {iethmau
262 3476 296 3527 11
314 3470 411 3528 111111.
430 3471 532 3526 reddat
549 3487 583 3525 11
590 3404 688 3538 (digna
704 3469 853 3526 Acidaliae
876 3470 882 3540 Ι
905 3467 1026 3523 reddent
1044 3469 1092 3543 01

81 3547 119 3598 14
136 3557 304 3611 cursusquae
324 3543 462 3613 0119,1
482 3543 596 3612 saeptae
614 3542 651 3597 al.
