2378 3982
401 200 616 256 GERMANIAE
635 208 747 258 11-15.
807 191 813 203 “
1011 201 1076 266 227
1107 151 1120 178 ⁸
1182 256 1185 262 ,

10 372 14 410 ι
64 351 161 429 signis
183 349 322 411 nobilitas
344 357 397 412 aut
418 368 524 429 magna
545 356 665 429 patrum
688 351 792 410 merita
814 351 958 430 principis
976 350 1077 429 digna·

10 461 16 498 ·.
64 441 180 500 tionem
194 440 283 499 etiam
301 438 532 500 adulescentulis
551 438 720 516 adsignant:
747 439 840 498 ceteri
857 438 1076 500 robustioribus

10 549 21 589 ε
64 546 102 588 ac
116 527 303 605 iampridem
317 527 451 606 probatis
465 527 672 606 adgregantur,
685 543 741 587 nec
755 524 848 586 rubor
862 527 940 586 inter
953 530 1076 589 comites

10 623 23 677 l
65 615 190 694 adspici.
217 616 327 696 gradus
342 617 415 696 quin
425 617 514 676 etiam
523 616 587 694 ipse
601 615 760 676 comitatus
773 613 872 695 habet,
885 614 995 676 iudicio
1010 618 1074 677 eius
1088 636 1115 676 ro

10 726 26 766 ι
66 721 158 782 quem
180 711 347 785 sectantum
374 721 538 783 magnaque
561 711 591 765 et
614 705 755 764 comitum
779 702 945 783 aemulatio,
969 703 1076 781 quibus

10 799 33 856 'n
66 793 183 871 primus
203 792 281 871 apud
302 793 468 870 principem
485 808 574 853 suum
592 791 689 871 locus,
709 799 739 852 et
753 793 931 873 principum,
950 794 999 853 cui
1013 790 1076 870 plu·
1168 830 1173 839 -

21 903 37 962 p
66 882 137 941 rimi
156 887 188 940 et
207 881 346 941 acerrimi
359 882 490 942 comites.
526 878 600 941 haec
623 879 759 960 dignitas,
782 879 838 940 hac
860 882 948 963 vires,
971 897 1076 959 magno

68 985 188 1046 semper
202 967 364 1029 electorum
379 971 519 1030 iuvenum
532 968 620 1048 globo
634 968 822 1048 circumdari,
844 969 875 1029 in
888 986 961 1048 pace
976 969 1076 1048 decus,

10 1081 41 1121 n
67 1058 101 1117 in
115 1055 191 1117 bello
205 1056 395 1136 praesidium.
418 1075 474 1118 nec
485 1056 581 1118 solum
594 1059 626 1118 in
636 1075 689 1118 sua
703 1065 792 1135 gente
806 1057 922 1138 cuique,
936 1057 989 1118 sed
998 1056 1077 1135 apud
1091 1075 1117 1118 ιι

10 1153 43 1209 in
68 1145 208 1205 finitimas
224 1163 341 1224 quoque
355 1147 489 1207 civitates
504 1146 534 1206 id
548 1163 666 1226 nomen,
685 1162 719 1206 ea
732 1144 826 1224 gloria
840 1152 894 1225 est,
912 1147 939 1205 si
952 1162 1076 1206 numero

10 1249 45 1298 ru
68 1250 102 1293 ac
116 1234 227 1294 virtute
241 1235 399 1294 comitatus
413 1236 554 1314 emineut3
582 1241 762 1313 expetuntur
783 1236 863 1294 enirn
880 1232 1077 1312 legationibus

10 1344 46 1387 u
69 1327 99 1381 et
121 1320 297 1383 muneribus
319 1328 464 1383 ornantur
487 1331 518 1383 et
540 1325 605 1401 ipsa
627 1322 803 1401 plerumque
824 1321 902 1382 lama
920 1320 996 1382 bella
1010 1337 1078 1400 pro·
1157 1354 1164 1368 ι

68 1408 180 1486 [ligant.

10 1522 46 1562 n
138 1492 189 1556 14.
212 1494 287 1556 Cum
301 1503 422 1557 ventum
435 1498 467 1556 in
481 1499 589 1579 aciem,
611 1506 699 1577 turpe
717 1501 847 1577 principi
865 1500 975 1559 virtute
990 1498 1077 1579 vinci,

10 1608 47 1650 or
70 1593 158 1662 turpe
176 1585 330 1645 comitatui
348 1586 489 1644 virtrnem
502 1586 646 1665 principis
659 1604 719 1647 non
732 1588 906 1666 adaequare.
934 1588 992 1647 iam
1006 1603 1076 1646 vero

10 1698 48 1737 1s=
68 1672 178 1734 infame
199 1673 230 1733 in
250 1690 368 1734 omnem
386 1673 476 1733 vitam
495 1690 529 1732 ac
547 1671 726 1750 probrosum
743 1677 934 1754 superstitem
948 1674 1078 1753 principi

10 1783 49 1826 nr
70 1778 124 1821 suo
144 1778 181 1821 ex
199 1762 262 1821 acie
281 1761 456 1822 recessisse:
484 1759 568 1820 illum
581 1758 751 1840 defendere,
773 1764 867 1842 tueri,
890 1780 943 1823 sua
959 1780 1077 1840 quoquc

10 1855 47 1912 :le
68 1849 158 1910 fortia
176 1849 252 1910 iacta
270 1848 382 1927 gloriae
400 1850 465 1910 eius
484 1848 639 1926 adsignare
652 1849 847 1927 praecipuum
861 1857 1104 1911 sacramentums

10 1943 43 2001 td
68 1944 133 1998 est:
147 1938 299 2015 principes
313 1954 368 2015 pro
382 1938 506 1997 victoria
519 1943 664 2017 pugnant,
678 1938 803 1997 comites
816 1953 871 2016 pro
885 1938 1028 2014 principe.
1052 1938 1078 1997 si

10 2047 47 2107 ιι
68 2026 184 2104 civitas,
207 2026 239 2084 in
253 2041 312 2102 qua
325 2025 385 2085 orti
397 2032 480 2105 sunt,
494 2024 580 2103 longa
593 2042 666 2103 pace
681 2031 712 2084 et
725 2026 786 2085 otio
800 2031 925 2105 torpeat,
943 2022 1078 2103 plerique

11 2134 46 2195 pa
67 2111 216 2173 nobilium
232 2111 467 2173 adulescentium
484 2119 592 2192 petunt
604 2113 683 2174 ultro
697 2130 748 2174 eas
761 2115 910 2193 nationes,
925 2120 1079 2193 quactum

10 2215 45 2264 nt
66 2199 182 2262 bellum
196 2198 315 2278 aliquod
329 2208 450 2281 gerunt,
469 2202 538 2280 quia
551 2208 583 2262 et
595 2203 711 2280 ingrata
724 2202 806 2280 genti
820 2202 904 2281 quies
919 2210 950 2262 et
963 2200 1077 2262 facilius

10 2309 44 2369 sq
66 2291 149 2350 inter
168 2290 307 2367 ancipitia
320 2288 489 2351 clarescunt
502 2306 700 2368 magnumque
714 2292 888 2351 comitatum
902 2306 963 2350 non
977 2291 1036 2351 nisi
1049 2290 1079 2350 vi
1092 2313 1118 2353 ιο

10 2394 45 2438 m
66 2376 208 2455 belloque
222 2383 339 2438 tueare:
363 2378 486 2456 exigunt
504 2380 583 2439 enirn
601 2396 622 2439 o
639 2380 784 2457 principis
798 2381 847 2439 sui
859 2377 1078 2439 liberalitatcil·

66 2465 133 2527 lum
142 2464 315 2526 bellatorem
325 2482 444 2544 equum,
453 2464 533 2527 illam
542 2468 912 2544 cruentamvictricemque
922 2466 1078 2545 frameam;

16 2554 42 2613 ni
67 2572 140 2616 nam
160 2551 264 2632 epulae
282 2560 313 2614 et
332 2571 511 2633 quamquam
528 2556 689 2634 incompti,
710 2553 785 2632 largi
802 2562 901 2615 tamen
920 2561 1078 2632 apparatus

10 2656 42 2699 nn
64 2659 125 2722 pro
144 2641 291 2720 stipendio
311 2642 428 2703 cedunt
457 2644 581 2704 materia
598 2643 818 2703 munificentiae
830 2659 885 2720 per
898 2639 976 2701 bella
990 2648 1020 2701 et
1033 2657 1079 2701 ra·

10 2730 40 2786 ni
64 2739 149 2810 ptus.
172 2747 229 2791 nec
242 2747 326 2790 arare
340 2738 452 2792 terram
464 2738 515 2792 aut
529 2737 700 2810 exspectare
715 2747 825 2791 annum
838 2737 898 2790 tam
911 2729 996 2791 facile
1010 2747 1077 2809 per·
1092 2753 1118 2794 ιι

25 2817 39 2872 if
67 2819 201 2879 suaseris
216 2835 305 2896 quam
319 2835 424 2879 vocare
437 2816 554 2880 hostem
567 2827 598 2879 ct
611 2817 732 2880 vulnera
745 2810 863 2879 mereri.
877 2820 995 2898 pigrum
1006 2821 1078 2897 quin

10 2911 37 2962 re
65 2909 162 2968 immo
171 2913 202 2968 et
211 2907 292 2967 iners
304 2905 421 2967 videtur
430 2907 539 2968 sudoro
554 2907 712 2987 adquirere
725 2907 803 2987 quod
818 2909 915 2985 possis
935 2908 1078 2985 sanguine

23 3005 184 3074 bparare.

135 3078 185 3144 15.
204 3081 347 3153 Quotiens
357 3082 433 3144 bella
442 3101 501 3144 non
511 3085 624 3164 ineunt,
634 3101 694 3145 non
704 3082 830 3145 multum
837 3083 1001 3163 venatibus,
1010 3081 1078 3159 plus

10 3243 35 3279 Ἦ
67 3188 125 3251 per
148 3172 242 3233 otium
270 3174 451 3254 transigunt,
480 3171 573 3233 dediti
600 3190 703 3234 somno
731 3171 871 3253 ciboque,
898 3172 1078 3231 fortissimus

10 3301 27 3364 'l
142 3325 214 3392 1e‚r
233 3323 402 3394 dignitatem
420 3324 469 3381 Bb
487 3325 539 3382 ooli
554 3326 558 3394 Ι
575 3331 591 3381 8
610 3323 697 3379 ceteri
715 3325 843 3394 Lepsios:
862 3321 962 3376 celeris
978 3323 983 3391 Ι
999 3326 1015 3375 9
1033 3337 1077 3374 ru-

16 3385 31 3438 C
65 3393 132 3450 tori
154 3395 268 3451 mmet
291 3399 297 3464 ι
323 3402 354 3450 ιι
375 3396 489 3467 quibus]
508 3395 555 3450 eui
572 3395 720 3451 Ancarius
739 3400 744 3461 ι
761 3399 793 3447 13
812 3392 883 3467 paco
900 3391 974 3444 uires
995 3391 1075 3462 0¹12!

10 3455 33 3509 3¹
66 3466 147 3532 14,4
165 3465 287 3521 obtueri
306 3467 410 3523 Meieer
434 3469 439 3535 Ι
464 3466 559 3521 deins
578 3481 627 3521 om.
649 3465 665 3520 b
689 3467 694 3532 Ι
720 3468 752 3517 11
771 3463 886 3516 tuentur
903 3461 951 3517 Bb
969 3463 1079 3534 solite.

66 3537 135 3606 add.
153 3536 301 3594 Acidaliue
316 3541 320 3607 Ι
337 3538 412 3604 15,1
432 3552 489 3591 non
506 3541 581 3605 (oute
598 3534 728 3604 multum)
747 3533 797 3590 del.
816 3531 933 3603 Lipsius

866 3622 922 3666 iix*
