2378 3982
133 216 199 282 250
482 212 787 271 connumerem

106 386 120 427 s
133 365 228 444 geniis
249 361 441 424 subtilitatem
462 363 580 444 deesse,
599 364 667 442 quia
682 363 842 423 castrensis
855 362 1026 424 iurisdictio
1042 381 1146 426 secura

134 460 164 513 et
182 451 317 513 obtusior
335 470 369 512 ac
387 451 472 530 plura
490 470 580 512 manu
599 469 688 530 agens
708 449 897 512 calliditatem
913 452 971 511 lori
985 469 1051 511 non
1065 469 1147 514 exer·

134 548 207 601 ceat.
229 539 364 619 Agricola
382 539 510 600 naturali
524 539 695 618 prudentia,
714 541 848 617 quamvis
862 541 941 599 inter
955 548 1092 621 togatos,
1111 541 1147 601 la·

134 628 189 689 cile
208 630 345 706 iusteque
365 626 477 705 agebat.
513 630 571 688 iam
591 645 660 688 vero
680 636 813 706 tempora
833 645 973 689 curarum
993 629 1148 690 remissio

134 734 264 795 numque
288 716 394 776 divisa:
417 716 470 776 ubi
493 723 656 777 conventus
675 733 708 776 ac
727 715 836 776 iudicia
854 723 1030 796 poscerent,
1050 718 1149 795 gravis

94 827 120 867 ιο
134 807 267 866 intentus
295 821 430 883 severus,
454 811 484 865 et
510 806 628 882 saepius
653 805 837 865 misericors:
866 803 919 864 ubi
946 803 1050 865 ollicio
1079 807 1150 868 satis

133 893 253 972 lactum,
267 891 347 953 nulla
365 892 443 953 ultra
461 895 615 970 potestatis
629 910 769 973 persona3
788 894 940 953 tristitiam
957 900 988 952 et
1003 893 1151 971 adrogan-

133 983 205 1042 tiam
229 989 259 1041 et
281 981 432 1041 avaritiam
455 988 584 1042 exuerat.
621 998 676 1041 nec
699 980 754 1061 illi,
777 981 857 1059 quod
880 987 925 1040 est
947 981 1150 1064 rarissimum,

134 1076 184 1130 aut
207 1068 332 1129 facilitas
356 1070 561 1130 auctoritatem
585 1077 636 1129 aut
663 1070 805 1129 severitas
832 1086 962 1129 amorem
990 1069 1150 1132 deminuit

134 1159 334 1235 integritatem
348 1165 437 1237 atque
452 1156 659 1218 abstinentiam
677 1158 709 1218 in
727 1164 809 1218 tanto
829 1159 892 1217 viro
906 1156 1024 1217 referre
1039 1159 1151 1220 iniuria

94 1266 121 1308 rs
134 1247 279 1306 virtutum
293 1246 392 1306 luerit.
428 1262 466 1304 ne
481 1246 587 1305 lamam
601 1244 734 1325 quidem,
748 1247 798 1306 cui
811 1262 898 1323 saepe
913 1247 1004 1305 etiam
1019 1245 1100 1308 boni
1113 1249 1151 1309 in
1180 1241 1183 1296 l

133 1334 268 1414 dulgent,
287 1332 461 1393 ostentanda
478 1334 587 1394 virtute
606 1341 657 1393 aut
674 1350 729 1411 per
748 1342 842 1393 artem
862 1334 1024 1413 quaesivit:
1043 1333 1150 1414 procul
1179 1344 1183 1385 t

133 1421 170 1483 ab
194 1421 389 1483 aemulatione
408 1420 550 1481 adversus
568 1419 706 1500 collegas,
725 1421 831 1499 procul
848 1439 866 1482 a
884 1425 1085 1484 contentione
1106 1423 1148 1485 ad·

133 1527 237 1570 versus
256 1515 465 1586 procuratores
484 1517 515 1568 et
533 1503 651 1569 vincere
670 1508 829 1587 inglorium
843 1517 874 1570 et
888 1511 974 1570 atteri
991 1512 1147 1574 sordidum
1175 1502 1183 1562 l

134 1596 341 1658 arbitrabatur.
377 1597 477 1656 minus
499 1597 662 1657 triennium
679 1599 711 1657 in
730 1615 764 1657 ea
782 1596 928 1676 legatione
947 1597 1097 1661 detentus
1120 1617 1146 1662 ae
1176 1608 1183 1649 t

94 1708 120 1748 so
135 1685 235 1745 statim
249 1683 286 1745 ad
300 1701 383 1762 spem
397 1684 569 1745 consulatus
584 1693 739 1745 revocatus
754 1692 812 1766 est,
831 1687 991 1747 comitante
1006 1690 1150 1765 opinione·
1176 1696 1183 1737 l

133 1773 315 1833 Britanniam
339 1775 366 1832 ei
389 1775 570 1850 provinciam
590 1773 667 1853 dari,
690 1771 780 1833 nullis
798 1775 829 1834 in
847 1773 904 1834 boc
923 1774 987 1835 suis
1001 1779 1144 1838 sermoni
1178 1785 1183 1843 l

133 1861 203 1942 bus,
235 1860 288 1922 sed
317 1862 385 1939 quia
413 1879 467 1939 par
495 1859 659 1924 videbatur.
701 1860 780 1921 haud
808 1856 938 1940 semper‘
949 1870 1033 1923 errat
1059 1865 1142 1945 lama
1181 1855 1183 1862 ¹

133 1948 291 2028 aliquando
319 1956 350 2008 et
377 1947 474 2026 elegit.
524 1948 629 2009 consul
651 1952 786 2027 egregiae
811 1957 876 2010 tum
900 1951 964 2028 spei
987 1950 1085 2012 littam
1107 1954 1143 2013 in·
1180 1960 1183 2000 ἰ

134 2039 202 2098 veni
220 2037 293 2098 mibi
316 2036 475 2115 despondit
498 2054 532 2096 ac
554 2035 828 2114 postconsulatum
847 2036 1014 2119 collocavit,
1040 2047 1142 2102 etsta·
1179 2047 1183 2088 ¹

93 2148 119 2190 aa
134 2129 187 2186 tim
205 2124 375 2187 Britanniae
398 2125 586 2202 praepositus
611 2132 671 2205 est,
698 2124 811 2186 adiecto
827 2126 1026 2204 pontificatus
1051 2145 1143 2190 sacen
1180 2120 1183 2176 l

135 2214 224 2274 dotio.

202 2297 251 2361 10.
268 2299 437 2360 Britanniae
452 2301 543 2361 situm
557 2299 742 2379 populosque
755 2300 857 2362 multis
871 2301 1073 2380 scriptoribus
1087 2321 1144 2365 me

133 2395 263 2449 moratos
277 2403 336 2448 non
350 2389 381 2447 in
396 2389 646 2467 comparationem
665 2407 754 2449 curae
768 2391 915 2468 ingeniive
929 2390 1075 2473 referam,
1095 2390 1145 2453 sed

133 2478 202 2556 quia
225 2484 288 2537 tum
311 2477 440 2554 primum
458 2475 623 2555 perdomita
641 2483 700 2538 est:
725 2479 859 2556 itaquae
877 2479 993 2556 priores
1011 2480 1146 2541 nondum

133 2571 283 2643 comperta
298 2563 466 2642 eloquentia
479 2564 668 2646 percoluere,
686 2582 787 2625 rerum
803 2565 861 2626 fide
874 2565 1040 2628 tradentur.
1083 2567 1147 2629 Bri·

106 2675 121 2717 e
134 2655 244 2732 tannia,
258 2651 422 2713 insularum
437 2670 511 2731 quas
525 2652 654 2713 Romana
668 2655 773 2713 notitia
787 2654 994 2732 complectitur
1007 2658 1147 2738 maxima,

133 2743 229 2819 spatio
255 2757 289 2800 ac
308 2739 388 2800 caelo
407 2742 439 2801 in
462 2741 607 2801 orientem
626 2739 812 2822 Germaniae,
839 2743 871 2802 in
889 2741 1078 2803 occidentem
1099 2744 1148 2806 lli·

203 2909 235 2977 9,
250 2914 266 2964 5
286 2910 385 2964 adesse
402 2909 431 2964 Β
459 2911 465 2977 Ι
494 2914 511 2966 8
532 2910 669 2980 temporie
687 2911 717 2965 et
735 2926 864 2965 curarum
880 2910 908 2965 Β
943 2913 948 2980 Ι
979 2916 1012 2966 10
1032 2912 1076 2984 et]
1100 2914 1149 2970 sed

132 2982 243 3051 Drciger
266 2981 272 3047 Ι
298 2986 329 3034 11
349 2980 893 3050 nullam..personam‚em.1lbenanaa
917 2983 922 3050 Ι
946 2980 1146 3050 [tristitiam.

132 3051 260 3122 exuerat]
284 3049 366 3119 ch,
394 3051 437 3122 [et
455 3050 777 3174 avaritintheracua,
794 3051 867 3105 nihil
885 3051 973 3118 ultra3
992 3055 1151 3119 potestatis

131 3138 282 3192 personam
299 3124 415 3176 exuerat
436 3121 555 3188 Urlichs,
572 3138 611 3175 nu
635 3121 745 3176 nultra
762 3121 893 3186 tristitiae
911 3123 1066 3191 potestatis
1088 3142 1152 3196 per·

132 3209 231 3248 sonam
249 3194 365 3248 exuerat
381 3192 526 3262 ΒαεεπενΙ
543 3198 576 3246 13
595 3192 714 3246 facultas
732 3193 760 3247 Β
776 3196 781 3264 Ι
797 3191 941 3260 diminuit,
959 3209 1009 3248 em.
1028 3193 1153 3266 Lipsiae

156 3269 189 3318 15
213 3263 299 3317 etiam
318 3278 402 3332 saepe
420 3261 449 3316 Β
477 3264 482 3332 Ι
513 3267 545 3317 te
565 3263 775 3332 ostentandam,
803 3280 850 3318 em.
870 3263 1022 3318 Rhenanus
1041 3267 1153 3333 (osten-

183 3333 219 3387 do
237 3333 371 3389 virtutem
388 3333 500 3399 Rosius)
517 3334 522 3401 Ι
539 3339 572 3387 19
589 3334 638 3457 pac
656 3334 765 3405 statim]
787 3334 947 3403 Peerlkamp
965 3339 990 3388 et
1009 3335 1152 3411 amant

132 3411 166 3460 22
185 3405 235 3459 aut
252 3420 363 3473 semper
381 3404 443 3458 erat
459 3404 488 3457 B
503 3404 508 3471 l
524 3410 557 3458 23
573 3403 656 3474 eigit
673 3405 844 3486 thenanua]
861 3402 993 3473 egregiae
1015 3405 1153 3466 Puteola·

131 3491 197 3531 nus:
216 3474 311 3548 grecia
328 3475 369 3543 A,
389 3476 470 3543 grate
487 3474 515 3529 B
535 3478 540 3544 Ι
559 3473 617 3529 iam
634 3478 696 3529 tum
713 3475 814 3543 litter,
833 3491 891 3528 ram
909 3475 1067 3534 Bhenanus
1089 3481 1096 3552 Ι
1120 3483 1153 3537 24

128 3546 245 3612 etpost
260 3545 290 3598 Β
304 3546 310 3615 l
326 3546 404 3615 10,a
422 3546 492 3600 tune
514 3545 583 3602 Wex
