2378 3982
145 198 211 261 ιιι
491 172 798 251 consummem

145 345 203 406 lius
217 351 268 404 aut
281 345 345 422 ipse
360 344 472 404 Cicero.
495 361 582 421 agere
597 344 676 402 enim
689 343 795 402 lortius
805 343 863 402 iarn
872 349 902 402 et
911 340 1071 403 audentius
1080 342 1154 423 volo,

146 435 172 493 si
185 432 257 493 illud
272 439 339 492 ante
353 430 537 511 praedixero,
556 433 666 491 mutari
679 449 747 491 cum
760 430 945 509 temporibus
959 430 1070 491 lormas
1085 449 1152 509 quo-

147 539 205 599 que
224 528 254 580 et
272 538 381 598 genera
402 519 528 579 dicendi.
557 522 599 578 sio
618 519 723 579 Catoni
736 521 801 579 seni
814 525 1002 597 comparatus
1018 519 1049 598 C,
1064 519 1148 580 Grac·

74 681 78 691 Ι
106 631 132 671 ιι
146 609 220 670 chus
233 607 394 687 plenior-et
408 607 538 687 uberior,
547 609 596 667 sic
607 606 738 667 Graccho
753 607 873 685 politior
887 614 917 667 et
927 608 1060 668 ornatior
1070 607 1149 668 Cras·

146 714 211 777 sus,
235 698 278 756 sio
297 704 425 774 utroque
445 695 613 756 distinctior
632 703 661 755 et
680 694 821 756 urbanior
836 703 866 755 et
879 694 967 756 altior
981 695 1093 775 Cicero,
1107 695 1146 770 df
1176 762 1179 767 ,

146 802 254 845 corone
272 786 373 844 mitior
391 783 535 844 Corvinus
554 791 585 844 et
606 783 720 844 dulcior
738 791 769 843 et
786 785 818 844 in
836 782 936 843 verbis
949 786 1044 861 magis
1057 783 1142 844 elabo-
1175 844 1179 859 f

145 879 236 933 ratus.
282 889 337 932 nec
358 889 467 949 quaero
482 874 549 950 quis
564 871 791 933 disertissimus:
805 870 862 933 boe
876 873 997 931 interim
1011 871 1139 950 probasse
1172 907 1178 946 Ι

39 1005 42 1010 -
145 967 304 1021 contentus
318 978 398 1040 sum,
411 977 471 1020 non
486 977 551 1020 esse
565 976 659 1020 unum
673 958 857 1038 eloquentiae
871 959 996 1037 vultum,
1010 958 1060 1020 sed
1073 961 1101 1019 in
1112 958 1137 1019 il-
1168 980 1179 1034 Ι

106 1068 132 1110 ιι
145 1048 186 1109 lis‘
204 1065 321 1126 quoque
345 1066 419 1126 quos
437 1050 548 1108 vocatis
562 1049 700 1126 antiquos
717 1047 819 1125 plures
834 1049 949 1125 species
963 1046 1135 1126 deprehendi,
1168 1098 1179 1121 a

145 1154 201 1197 nec
216 1137 315 1196 statim
329 1135 461 1197 deterius
475 1154 541 1196 esse
556 1135 635 1215 quod
653 1135 804 1195 diversum
818 1142 873 1215 est,
893 1137 965 1196 vitio
980 1143 1077 1196 autem
1088 1151 1134 1194 ma·
1166 1149 1179 1208 Ι

145 1224 324 1373 lignitatis.
306 1224 451 1286 humanae
470 1232 569 1284 vetera
584 1241 701 1301 semper
715 1225 746 1282 in
759 1222 859 1303 laude,
882 1226 1051 1372 praqsentia
1063 1225 1090 1283 in
1102 1221 1132 1279 la·
1166 1238 1179 1296 q

145 1592 282 1654 pressus,
310 1574 362 1634 sed
382 1574 610 1652 supermodum
629 1574 725 1635 exsult
714 1584 778 1635 tans
798 1584 828 1635 et
846 1575 1034 1653 superfluens
1052 1583 1080 1636 et
1095 1589 1133 1652 pa·
1167 1547 1172 1646 ζ

145 1680 216 1733 rum
231 1662 347 1723 Atticus
360 1662 520 1724 videretur.
552 1663 665 1741 legistis
690 1664 794 1741 utique
813 1671 844 1723 et
862 1663 942 1724 Calvi
965 1672 996 1724 et
1013 1663 1093 1724 Bruti
1107 1657 1134 1719 ad
1168 1680 1174 1734 ς

146 1751 320 1812 Ciceronem
337 1753 442 1812 missas
461 1751 611 1831 epistulas,
641 1768 677 1811 ex
696 1750 804 1829 quibus
823 1751 908 1812 lacile
931 1760 977 1812 est
991 1751 1134 1831 deprehen·
1168 1798 1179 1814 .

147 1838 218 1900 dere
240 1839 361 1901 Calvum
384 1839 504 1918 quidem
525 1839 661 1899 Ciceroni
682 1840 778 1899 visum
792 1857 971 1918 exsanguem
986 1840 1134 1912 otaridum,
1169 1872 1179 1911 ι

107 1946 133 1987 ιι
146 1926 272 1988 Brutum
280 1936 378 1989 autem
386 1929 514 1988 otiosum
522 1935 610 2005 atque
618 1926 973 2007 diiunctum3rursnsque
981 1928 1135 1989 Ciceronem
1169 1959 1179 1999 Ι

147 2034 164 2075 a
182 2016 269 2076 Calvo
288 2016 407 2095 quidem
424 2015 500 2075 male
518 2015 636 2075 audisse
654 2024 803 2092 tamquam
818 2015 948 2076 solutum
962 2023 992 2077 et
1006 2016 1134 2090 enervem,

147 2122 163 2165 a
176 2104 269 2165 Bruto
284 2112 396 2184 autem,
415 2111 449 2164 ut
462 2104 556 2181 ipsius
571 2101 671 2162 verbis
683 2109 759 2183 utar,
773 2110 923 2183 tamquam
937 2104 1088 2165 fractum
1099 2106 1133 2161 at·
1173 2134 1179 2174 5

146 2210 213 2271 que
228 2191 412 2252 elumbem.
439 2192 467 2250 si
483 2207 531 2250 me
548 2191 727 2271 interroges,
747 2209 850 2252 omnes
864 2191 938 2252 mihi
952 2191 1087 2253 ridentur
1098 2204 1134 2248 rc·
1174 2204 1179 2261 Ι

145 2297 213 2340 rum
231 2279 355 2339 dixisse:
379 2277 430 2337 sed
451 2296 518 2337 mox
540 2278 576 2338 ad
597 2274 729 2357 singulos
750 2281 874 2361 veniam,
895 2298 975 2341 nune
993 2281 1065 2342 mihi
1082 2291 1134 2340 cun

107 2387 134 2428 ιι
147 2367 293 2428 universis
308 2367 459 2443 negotium
473 2374 526 2426 est.
1177 2430 1179 2436 ,

214 2451 264 2515 19.
291 2452 365 2514 Nam
385 2462 530 2533 quatenus
553 2457 743 2533 antiquorum
762 2455 956 2518 admiratores
974 2457 1054 2522 hunc
1071 2452 1135 2517 velut
1178 2501 1179 2516 l

145 2544 306 2604 terminum
320 2543 503 2622 antiquitatis
518 2545 699 2604 constituere
715 2543 826 2624 solent,
850 2547 902 2624 qui
920 2563 1016 2624 usque
1035 2546 1070 2608 ad
1083 2543 1134 2604 Cas·
1176 2558 1179 2613 Ι

146 2632 273 2713 ιίιιιιιι,
288 2649 376 2710 quern
390 2648 475 2691 reum
489 2631 609 2712 iaciunt,
625 2650 712 2710 quem
727 2633 857 2710 primum
871 2632 1027 2692 adfirmant
1036 2632 1135 2692 flexisse
1177 2641 1179 2697 Ι

147 2718 184 2779 ab
197 2717 247 2779 illa
261 2727 359 2779 vetere
375 2726 464 2797 atque
478 2718 590 2779 directa
604 2719 722 2781 dicendi
735 2723 795 2800 via,
810 2738 869 2780 non
884 2720 1054 2780 infirmitate
1071 2719 1135 2793 ingo·
1178 2757 1179 2770 l

120 2824 133 2866 ι
147 2808 251 2867 ιίἰιιι
259 2807 376 2866 inscitia
384 2805 549 2867 litterarum
558 2809 744 2869 transtulisse
755 2826 787 2868 se
798 2807 834 2868 ad
844 2807 921 2867 aliud
933 2807 1050 2868 dicendi
1059 2815 1136 2886 genus

146 2895 302 2975 contendo,
318 2893 369 2955 sed
380 2894 490 2979 iudicio
501 2903 530 2956 et
540 2895 700 2956 intellectu.
715 2896 789 2956 vidit
798 2913 934 2976 namque,
948 2896 1074 2974 utpaulo
1084 2899 1137 2954 ante

146 3028 281 3094 Muretus,
299 3045 334 3084 ne
353 3028 405 3082 illa
421 3045 471 3085 ιιιι
489 3030 626 3110 quondam
644 3031 703 3086 coll
722 3045 744 3086 c.
759 3035 797 3087 21
798 3031 859 3098 ,19)
875 3030 879 3097 Ι
895 3029 942 3097 18,
956 3027 1125 3084 eistude
1133 3021 1139 3094 Ι

148 3105 181 3154 12
199 3070 317 3153 nitidior
337 3101 484 3156 Michaelis
512 3102 517 3168 Ι
548 3106 581 3154 14
599 3100 629 3152 in
647 3117 697 3154 om.
727 3101 731 3170 Ι
762 3106 794 3154 18
813 3115 882 3170 prae
901 3100 1066 3156 Groslotiuez
1091 3112 1140 3169 pro,

62 3186 65 3198 ¹
146 3172 218 3250 qood
235 3186 346 3226 ιινιιιιιι
364 3171 557 3239 διιιιιΙὶιιιιΙι
574 3170 666 3240 magis
684 3171 788 3226 delebat
808 3175 811 3239 Ι
833 3177 866 3225 22
891 3168 1003 3224 Atticus
1027 3171 1141 3227 ordeo:

147 3239 279 3308 antiquus
296 3243 299 3307 Ι
315 3238 427 3294 uidetur
441 3240 498 3294 OF
512 3244 515 3308 Ι
532 3247 566 3295 24
585 3241 693 3294 aridum
707 3242 862 3310 Schultiop:
881 3242 1010 3295 attritum
1025 3244 1030 3310 Ι
1046 3248 1080 3297 25
1097 3240 1143 3295 dis·

147 3310 270 3364 cinctum
288 3311 450 3380 Rutqerso‘ue
465 3312 470 3382 Ι
486 3316 520 3365 28
539 3311 664 3379 interrog
647 3328 696 3364 <ras
717 3312 792 3379 CF!
814 3312 858 3377 le,
874 3314 1036 3368 ilocunam
1052 3314 1092 3368 sic
1108 3327 1144 3368 ιι·

142 3382 202 3451 plot
216 3381 332 3436 Vahlen.
351 3380 387 3435 ad
402 3380 529 3435 Cassium
548 3381 693 3452 [Severum
712 3383 756 3436 elo
758 3382 901 3451 quenliam
920 3384 1035 3452 aequali
1053 3386 1083 3438 et
1099 3395 1179 3439 uno
1175 3350 1179 3415 i

146 3458 244 3504 tenore
262 3453 430 3520 processisse
449 3453 585 3520 statuunt,
606 3452 743 3524 Gessium]
764 3469 886 3520 quemr.
906 3452 925 3512 i
947 3401 974 3524 'q
972 3461 990 3510 4
1007 3454 1066 3510 ists
1084 3442 1179 3526 nol

140 3519 257 3574 detecta
274 3522 403 3578 Bci'lrreus
417 3525 423 3593 Ι
439 3529 456 3577 5
474 3522 552 3577 aliud
570 3525 724 3580 Aodreseoo:
742 3523 815 3578 illud
