2378 3982
166 218 229 283 308
514 215 685 271 CORNELII
702 215 822 272 ΤΑΟΙΤῙ

231 361 283 426 34.
306 363 385 443 Ergo
405 363 490 442 apud¹
502 365 628 424 maiores
646 370 766 425 nostros
780 364 895 424 iuvenis
909 362 972 443 ille,
991 364 1044 442 qui
1059 363 1125 424 foro
1145 373 1170 425 et

165 452 349 532 eloquentiae
378 452 550 533 parabatur,
576 451 709 512 imbutus
736 452 795 512 iam
818 451 979 528 domestica
1007 451 1181 532 disciplina,

165 541 294 602 refertus
311 540 445 600 honestis
464 539 570 600 studiis
590 539 792 600 deducebatur
811 548 929 618 epatre
952 538 999 600 vel
1018 558 1036 599 a
1052 543 1181 619 propin

166 631 233 708 quis
247 628 284 690 ad
298 646 366 688 eum
380 634 537 706 oratorem,
556 630 607 705 qui
627 629 792 706 principem
806 629 837 686 in
852 629 969 687 civitate
983 626 1085 688 locum
1099 629 1181 706 opti·-

139 717 262 780 cnebat.
285 716 365 777 hune
380 718 496 796 sectari,
514 715 593 775 bunc
607 718 762 795 prosequi,
780 715 869 775 huius
885 714 1023 775 omnihus
1038 716 1166 775 dictioni·

165 805 222 866 bus
241 807 385 864 interesse
404 805 465 863 sive
483 805 515 863 in
533 802 651 864 iudiciis
671 805 732 863 sive
754 805 787 862 in
810 803 998 863 contionibus
1017 803 1167 864 adsuesce·

165 893 229 975 bat,
247 894 288 952 ita
306 899 341 952 ut
358 891 563 952 altercationes
583 908 701 969 quoque
720 893 871 969 exciperet
885 898 915 951 et
927 892 1034 968 iurgiis
1048 893 1166 951 interes-

166 988 212 1041 set
230 987 323 1058 utque
341 982 384 1040 sic
399 979 538 1060 dixerim,
560 997 692 1058 pugnare
705 980 737 1039 in
751 977 864 1056 proeho
879 978 1015 1039 disceret
1047 995 1167 1056 magnus

166 1086 202 1129 ex
216 1066 273 1128 hoo
287 1085 369 1148 usus,
383 1066 509 1128 multum
523 1069 713 1145 constantiae,
727 1065 888 1144 plurimum
903 1066 1006 1126 iudicii
1015 1066 1167 1127 iuvenibus

128 1179 153 1218 ro
166 1159 265 1217 statim
289 1155 491 1236 contingebat,
513 1157 545 1217 in
567 1155 663 1215 media
685 1153 752 1214 luce
770 1153 959 1214 studentibus
982 1162 1073 1232 atque
1095 1156 1168 1215 inter

166 1246 230 1323 ipsa
254 1244 438 1324 discrimina,
460 1242 513 1303 ubi
537 1261 622 1303 nemo
645 1244 767 1319 impune
788 1241 878 1302 stulte
899 1240 1010 1320 abquid
1031 1249 1084 1302 aut
1104 1260 1168 1302 eon-

166 1334 257 1393 trarie
276 1331 361 1411 dicit,
380 1348 438 1407 quo
458 1332 556 1389 minus
574 1328 710 1405 etiudex
729 1336 851 1406 respuat
869 1337 899 1390 et
918 1328 1106 1389 adversarius
1124 1347 1169 1388 ex·

166 1419 302 1499 probret,
320 1420 378 1495 ipsi
396 1417 523 1494 denique
542 1415 675 1475 advocati
689 1422 894 1494 aspernentur.
926 1418 1019 1495 igitur
1032 1435 1102 1477 vera
1117 1425 1169 1477 sta·

166 1509 221 1566 tim
249 1513 279 1564 et
305 1507 478 1580 incorrupta
501 1502 668 1582 eloquentia
690 1503 913 1583 imbuebantur3
942 1510 972 1564 et
995 1521 1171 1583 quamquam

128 1613 153 1653 rs
167 1610 261 1653 unum
279 1598 489 1670 sequerentur,
512 1597 610 1651 tamen
629 1608 731 1650 omnes
752 1590 886 1651 eiusdem
907 1593 1010 1652 aetatis
1031 1600 1172 1670 patronos

167 1682 199 1740 in
212 1678 349 1757 plurimis
368 1685 398 1738 et
417 1680 513 1739 causis
533 1686 563 1739 et
580 1678 697 1738 iudiciis
712 1676 943 1759 cognoscebant3
965 1677 1173 1758 habebantque

167 1769 261 1846 ipsius
280 1765 383 1845 populi
401 1766 668 1827 diversissimarum
687 1768 803 1826 aurium
818 1768 946 1848 copiam,
964 1785 1000 1827 ex
1015 1785 1074 1845 qua
1088 1767 1173 1828 iaoilo

168 1855 438 1935 deprehenderent,
454 1854 525 1932 quid
544 1857 574 1915 in
593 1872 710 1932 quoque
725 1852 771 1913 vel
784 1853 963 1931 probaretur
977 1854 1023 1914 vel
1038 1855 1173 1934 displice·

168 1950 223 2004 ret.
259 1946 299 2003 ita
313 1959 369 2002 nec
383 1948 557 2021 praeceptor
572 1941 686 2022 deerat,
707 1943 836 2020 optimus
851 1941 971 2020 quidem
985 1949 1016 2002 et
1030 1942 1174 2004 electissi-

130 2051 155 2091 ao
168 2049 236 2092 mus
241 2078 250 2112 ,
268 2033 320 2108 qui
334 2031 439 2090 faciem
454 2029 653 2106 eloquentiae,
672 2047 731 2089 non
745 2031 902 2107 imaginem
915 2036 1095 2111 praestaret,
1120 2049 1177 2093 nee

169 2119 329 2180 adversarii
343 2127 373 2178 et
387 2116 495 2177 aemuli
509 2117 597 2195 ferro,
611 2135 671 2176 non
685 2116 810 2177 rudibus
824 2117 1007 2199 dimicantes,
1020 2135 1077 2179 uec
1093 2121 1178 2180 audi·

64 2259 66 2262 ,
168 2209 277 2267 torium
293 2222 410 2283 semper
423 2203 557 2282 plenum,
577 2221 694 2282 semper
712 2222 821 2265 norum
835 2207 872 2265 ei
884 2205 993 2266 invidis
1007 2214 1039 2267 et
1052 2206 1177 2268 laventi-

168 2292 234 2373 bus,
248 2300 281 2352 ut
295 2310 350 2351 nee
364 2290 440 2351 bene
453 2309 511 2353 nec
525 2296 602 2353 mole
616 2293 693 2352 dicta
707 2291 971 2354 dissimularentur.
995 2295 1080 2354 scitis
1095 2297 1175 2355 enim

169 2397 303 2457 magnam
316 2378 396 2439 illam
410 2386 440 2438 et
455 2379 625 2440 duraturam
640 2380 824 2458 eloquentiae
839 2381 944 2442 famam
959 2399 1018 2442 non
1028 2383 1130 2443 minus
1144 2386 1174 2443 in

128 2487 154 2530 aa
168 2468 293 2529 diversis
314 2465 462 2528 subselliis
475 2469 574 2546 parari
589 2485 676 2546 quam
690 2471 721 2528 in
736 2469 812 2549 suis3
829 2467 898 2529 inde
913 2471 986 2549 quin
999 2471 1091 2530 immo
1107 2489 1173 2531 con·

169 2557 296 2617 stantius
311 2573 449 2635 surgere,
462 2555 504 2615 ibi
518 2555 634 2616 fidelius
650 2555 844 2617 corroborari
876 2565 965 2635 atque
978 2555 1103 2618 hercule
1119 2557 1169 2618 sub

169 2647 234 2704 eius
248 2643 327 2704 modi
340 2642 583 2722 praeceptoribus
596 2645 711 2704 iuvenis
725 2643 787 2724 ille,
807 2643 844 2704 de
858 2662 916 2723 quo
930 2644 1097 2726 loquimur,
1111 2662 1168 2705 ora·

168 2739 268 2790 torum
282 2729 459 2808 discipulus,
474 2730 531 2790 tori
545 2729 669 2811 auditor,
689 2734 1022 2812 sectator-iudiciorum,
1037 2733 1166 2799 eruditus

169 2825 200 2878 et
217 2816 404 2877 adsuefactus
424 2816 527 2877 alienis
546 2820 770 2900 experimentis,
789 2821 839 2881 cui
853 2820 961 2881 cotidie
976 2820 1109 2881 audienti
1123 2837 1166 2879 no·

130 2913 217 2970 actae
235 2904 329 2984 leges,
347 2921 407 2964 non
425 2906 494 2964 novi
511 2904 642 2965 iudicum
661 2906 773 2987 vultus,
791 2907 932 2986 frequens
950 2910 982 2967 in
996 2906 1091 2967 oculis
1105 2925 1181 2967 con-¹

170 2994 296 3056 suetudo
316 2994 501 3073 contionum,
521 3010 607 3071 saepe
623 2995 757 3072 cognitae
769 2993 873 3073 populi
887 3011 988 3074 aures,
1006 2996 1069 3054 sive
1088 3011 1166 3054 accu-

239 3180 290 3246 at,
305 3186 320 3232 2
338 3178 558 3250 praeparabatur
574 3179 666 3234 Ritter
694 3183 699 3250 Ι
729 3179 890 3250 'lexeipere
905 3223 911 3237 .
926 3224 933 3236 .
948 3182 1099 3247 interesse,
1126 3196 1168 3235 em.

167 3250 272 3306 Belclrer
288 3252 292 3316 Ι
308 3255 324 3304 8
342 3266 460 3319 magnos
480 3252 485 3319 Ι
507 3257 539 3305 17
559 3265 592 3303 ex
611 3266 666 3317 quo
686 3251 789 3307 Mereor
804 3253 809 3321 1
824 3257 858 3305 21
877 3249 993 3305 rudibus
1014 3252 1048 3305 P.
1070 3250 1170 3305 Faber:

169 3319 284 3375 sudibus
305 3321 310 3388 Ι
329 3335 382 3374 neo
399 3320 503 3375 Sebele:
523 3319 840 3391 sed(etSobclze)122
860 3339 880 3376 s.
899 3338 1002 3376 norum
1021 3337 1042 3374 e.
1060 3320 1171 3390 plenum

167 3391 195 3445 B
211 3394 216 3459 l
231 3389 350 3444 mixtum
368 3406 402 3444 ex
420 3392 562 3446 Andresen
582 3393 587 3459 Ι
607 3397 640 3444 23
659 3407 711 3446 nee
729 3391 804 3445 mele
822 3393 887 3447 add.
906 3392 1039 3461 Agricola
1053 3397 1117 3460 post
1134 3392 1171 3456 nt

168 3463 201 3513 ut
217 3476 269 3514 neo
286 3462 358 3514 bene
377 3460 454 3515 dicte
471 3460 668 3531 ignorarentur
685 3477 736 3516 nec
754 3463 828 3516 male
843 3461 918 3516 dieta
933 3461 1173 3516 dissimularentur

153 3529 276 3597 Sauppe
286 3533 298 3599 l
311 3535 347 3586 25
365 3530 396 3584 in
416 3531 480 3588 odd.
499 3532 642 3588 Andreseo
