2340 3982
120 213 185 276 316
359 195 528 264 commu
544 209 665 265 uncum
682 207 776 262 omn.
794 214 837 263 41.
857 214 900 263 42.

120 359 217 438 nibus,
241 377 309 419 cum
328 357 365 418 de
386 377 420 419 re
439 357 557 437 publica
575 376 636 426 non
654 358 786 436 imperiti
803 363 835 417 et
852 355 939 417 multi
953 354 1135 440 deliberent,

121 448 173 509 sed
188 448 424 525 sapientissimus
439 454 469 507 et
483 443 584 507 unus?
603 446 675 525 quid
690 446 862 506 voluntariis
876 445 1132 528 accusationibus,

121 554 188 597 cum
203 545 263 595 tam
277 554 345 596 raro
360 543 465 596 ettam
483 531 749 614 parcepeccetur?
777 533 849 613 quid
868 534 1024 595 invidiosis
1037 541 1070 596 et
1083 553 1136 596 ex·

121 624 293 685 cedentibus
308 623 428 684 modum
443 623 678 704 defensionibus,
697 640 766 683 oum
781 622 937 683 clementia
950 640 1135 702 cognoscen-

82 715 160 775 rotis
174 712 288 773 obuiam
302 711 539 791 periclitantibus
554 709 623 773 eat?
643 711 765 792 credite,
778 713 883 789 optimi
896 718 927 772 et
939 712 973 772 in
987 720 1133 791 quantum

120 820 197 879 opus
216 810 261 861 est
280 801 469 861 disertissimi
482 802 553 881 viri,
586 803 612 861 si
630 809 682 862 aut
699 818 751 860 vos
769 799 920 879 prioribus
939 799 1068 862 saeculis
1081 810 1132 863 aut

120 889 175 969 illi,
195 907 269 967 quos
282 891 440 968 miramur,
457 888 504 949 bis
518 891 580 948 nati
595 896 708 970 essent,
731 907 765 950 ac
784 881 858 949 deus
876 887 984 968 aliquio
1001 891 1080 950 vitos
1098 907 1133 950 ac

122 976 246 1054 [vestra]
257 984 391 1056 tempora
404 985 527 1056 repente
537 985 690 1058 mutasset,
704 995 760 1037 neo
774 977 859 1038 vobis
873 994 988 1038 summa
1001 975 1054 1038 illa
1065 977 1132 1038 laus

122 1073 151 1126 et
170 1065 262 1143 gloria
282 1068 314 1127 in
333 1065 501 1145 eloquentia
514 1085 612 1145 neque
626 1065 685 1127 illis
699 1064 804 1126 modus
819 1073 850 1126 et
863 1063 1134 1144 temperamentum

82 1176 108 1217 ss
122 1154 278 1215 defuisset:
304 1173 396 1235 nunc,
411 1156 551 1235 quoniam
570 1173 656 1215 nemo
676 1154 780 1214 eodem
794 1160 928 1232 tempore
942 1153 1066 1232 adsequi
1078 1172 1132 1232 po·

121 1251 180 1303 test
199 1261 333 1322 magnam
352 1244 458 1304 lamam
477 1251 508 1303 et
530 1261 665 1321 magnam
688 1244 832 1322 quietem,
854 1240 933 1302 bono
953 1239 1063 1303 saeculi
1081 1243 1131 1302 sui

123 1334 249 1409 quisque
264 1333 339 1392 citra
353 1331 599 1392 obtrectationem
612 1330 735 1391 alterius
750 1325 871 1391 utatur?

188 1417 240 1480 42.
264 1419 395 1479 Finierat
409 1418 570 1499 Maternus,
584 1437 652 1479 cum
666 1417 813 1480 Messalla:
828 1415 924 1479 ‘erant
938 1417 1048 1497 quihus
1063 1436 1132 1479 con-

122 1517 167 1567 tra
181 1507 325 1586 dicerem,
345 1513 430 1567 erant
444 1506 480 1566 de
495 1507 604 1586 quibus
618 1506 704 1586 plura
717 1507 777 1568 dici
791 1506 905 1588 vellem,
922 1507 981 1567 nisi
994 1508 1056 1567 iam
1069 1506 1132 1568 dies

122 1602 202 1654 esset
216 1591 356 1654 exactus?
389 1590 464 1655 ‘fiet’
487 1597 585 1675 inquit
598 1595 749 1656 Maternus
773 1591 887 1674 ‘postea
904 1594 1052 1656 arbitratu
1071 1602 1132 1675 tuo,

122 1690 152 1743 et
171 1684 196 1741 si
218 1699 275 1760 qua
294 1681 349 1743 tibi
368 1682 495 1744 obscura
513 1686 545 1744 in
558 1684 615 1744 boc
630 1702 695 1744 meo
710 1702 847 1745 sermone
861 1685 922 1745 visa
936 1690 1022 1765 sunt,
1043 1683 1082 1745 de
1095 1685 1133 1744 iis

96 1788 227 1833 srursus
251 1767 460 1834 conferemus?
492 1791 526 1833 ac
545 1772 633 1833 simul
650 1771 813 1851 adsurgens
831 1779 862 1833 et
874 1771 989 1851 Aprum
1003 1770 1131 1852 comple·

122 1878 177 1920 xus
192 1855 270 1938 ‘ego'
293 1863 391 1940 inquit
409 1857 451 1922 ‘te
465 1864 571 1942 poetis,
584 1860 718 1922 MessaMa
732 1868 830 1922 autem
844 1860 1019 1940 antiquariis
1032 1862 1133 1922 crimi-

122 1944 279 2010 nabimur?
304 1945 345 2009 ‘at
359 1968 413 2028 ego
428 1968 480 2011 vos
494 1949 664 2011 rhetoribus
683 1957 713 2010 et
726 1944 922 2012 scholasticis’
935 1951 1042 2029 inquit

189 2037 262 2099 Cum
276 2038 459 2118 amisissent,
474 2039 673 2100 discessimus.

193 2207 244 2273 41,
259 2213 293 2261 22
311 2206 356 2260 illi
374 2224 435 2264 uos·
455 2207 529 2275 istil
554 2214 588 2262 23
607 2209 683 2278 temp
686 2224 735 2262 ore
752 2209 847 2263 vestre
865 2207 974 2274 Haase,
991 2205 1068 2261 vitas
1086 2223 1132 2262 ve·

124 2279 195 2331 struo
218 2293 252 2330 co
274 2280 359 2347 temp.
383 2279 497 2346 Belclcer,
524 2295 574 2334 uos
595 2226 691 2333 uestrpe
712 2282 873 2336 inclusimus
901 2283 906 2349 Ι
935 2279 986 2348 42,
1000 2278 1132 2380 tentem

129 2347 329 2405 Weissenborn
349 2365 413 2403 cum
431 2351 506 2418 b'brr',
525 2367 574 2404 om
597 2351 774 2406 Puteolanus
