2378 3982
256 227 348 285 omn.
367 229 415 283 Du
435 228 661 318 ORATORJBUS
680 235 794 284 20-21.
927 246 930 253 ·
969 228 1036 296 295

47 395 68 437 ts
92 380 176 439 enim
197 377 326 455 quisquc
348 375 429 436 Calvi
442 377 474 436 in
492 376 619 437 Asitium
637 384 688 437 aut
702 379 733 437 in
747 376 876 437 Drusum
890 374 982 456 legit?
1004 385 1034 439 at

47 465 127 527 ercle
142 467 173 525 in
192 465 323 524 omnium
337 463 539 525 studiosorum
552 464 688 525 manhus
702 472 859 525 versantur
872 468 1034 526 accusatio·

47 571 80 614 es
95 571 171 633 quae
184 553 216 613 in
229 551 379 612 Vatinium
393 551 611 632 inscribuntur,
625 571 659 613 ac
679 554 839 631 praecipue
854 553 984 613 secunda
999 572 1035 614 ex
1049 576 1076 617 ru

47 642 75 700 is
89 643 196 721 oratio;
214 647 261 700 est
275 642 354 700 enim
366 640 465 701 verbis
480 648 583 700 ornata
597 648 627 700 et
641 642 809 721 sententiis,
824 640 946 702 auribus
959 641 1035 701 iudi·

47 746 97 790 um
110 727 339 808 accommodata,
351 735 385 788 ut
394 729 471 788 scias
484 730 583 806 ipsum
593 747 710 807 quoque
722 728 841 789 Calvum
854 728 1035 790 intellexisse

47 817 100 894 prid
112 816 220 877 melius
233 822 321 896 esset,
335 833 390 876 nec
404 815 585 877 voluntatem
599 818 635 898 ei,
650 834 708 895 quo
722 820 821 878 miuus
835 816 991 877 sublimius
1006 824 1037 877 et

47 904 138 967 :ultius
148 905 273 985 diceret,
286 902 338 964 sed
353 905 504 982 ingenium
515 922 548 965 ac
557 907 636 964 vires
644 904 783 966 defuisse.
808 902 901 982 quid?
916 922 951 964 ex
966 903 1035 966 Cae·

47 992 114 1054 lanis
139 991 323 1054 orationihus
348 1009 455 1071 nempe
479 1010 531 1052 eac
556 992 681 1073 placent,
707 994 768 1053 sive
793 994 949 1053 universae
974 995 1075 1055 sireis

47 1089 128 1155 putes
142 1097 254 1159 earum,
267 1081 299 1139 in
309 1079 417 1158 quibus
427 1082 555 1140 nitorem
564 1088 595 1140 et
603 1079 789 1140 altitudinem
802 1079 910 1140 horum
924 1088 1035 1158 tempo·

47 1182 97 1229 mm
117 1168 333 1247 adgnoscimus.
371 1168 474 1228 sordes
499 1175 598 1229 autem
623 1167 689 1228 illae
714 1167 874 1228 verborum
899 1174 930 1228 ct
951 1167 1036 1228 hians

47 1258 203 1336 ompositio
228 1263 258 1316 et
280 1255 425 1316 inconditi
448 1274 554 1317 sensus
581 1255 717 1317 redolent
739 1256 958 1336 antiquitatem3
981 1273 1037 1316 nec

47 1358 208 1424 [numquam
222 1343 294 1404 adeo
312 1344 511 1423 antiquarium
528 1353 615 1425 puto,
642 1352 677 1405 ut
695 1343 826 1404 Caelium
845 1362 881 1404 ex
899 1361 934 1404 ea
951 1351 1037 1421 parte

47 1433 130 1494 audet
153 1449 212 1512 qua
235 1433 374 1510 antiquus
397 1438 451 1492 est.
493 1432 689 1493 concedamus
712 1450 782 1493 sane
802 1431 832 1492 C.
852 1430 979 1512 Caesari,
1002 1439 1076 1494 utu

47 1528 152 1600 ropter
172 1520 407 1598 magnitudinem
426 1521 637 1597 cogitationum
655 1528 685 1581 et
708 1522 918 1599 occupationes
936 1537 1038 1579 rerum

47 1611 127 1670 unus
145 1609 178 1667 in
196 1607 363 1687 eloquentia
377 1607 516 1687 effecerit,
544 1625 632 1685 quam
651 1607 784 1668 divinum
802 1610 867 1669 eius
885 1609 1038 1686 ingenium

47 1695 211 1775 ostulahat‚
233 1702 293 1755 tam
307 1693 429 1756 hercule
443 1713 532 1773 quam
544 1693 671 1755 Brutum
684 1694 888 1773 philosophiae
907 1714 978 1756 suae
992 1714 1037 1756 rc-

47 1801 211 1864 nquamus3
224 1800 293 1843 nam
303 1784 336 1842 iu
354 1782 537 1843 orationibus
550 1784 696 1843 minorem
710 1799 775 1842 esse
790 1782 866 1842 lama
881 1799 934 1843 sua
949 1785 1037 1863 etiam
1112 1787 1116 1794 '

47 1871 223 1933 dmiratores
242 1873 306 1931 eius
324 1871 468 1931 latentur:
499 1872 559 1931 nisi
576 1872 652 1931 forte
667 1870 823 1949 quisquam
838 1876 889 1929 aut
903 1869 1037 1930 Caesaris
1051 1891 1077 1933 u

47 1977 82 2020 ro
103 1959 193 2019 Decio
213 1957 345 2019 Samnite
364 1965 415 2018 aut
432 1957 519 2019 Bruti
536 1976 591 2037 pro
612 1958 749 2018 Deiotaro
772 1975 842 2034 rege
861 1963 1037 2036 ceterosque

46 2047 164 2108 iusdem
181 2045 368 2107 lentitudinis
386 2063 420 2106 ac
438 2047 552 2124 teporis
565 2045 657 2106 hbros
671 2045 756 2125 legit,
779 2047 838 2105 nisi
857 2046 908 2123 qui
927 2053 957 2105 et
975 2061 1039 2105 car·

47 2138 109 2195 rina
124 2132 288 2194 eorundem
300 2135 434 2194 miratur.
463 2134 599 2195 lecerunt
617 2135 695 2194 enim
710 2140 740 2194 et
754 2134 885 2193 carmina
900 2135 975 2192 etin
988 2131 1039 2212 by·

47 2221 194 2284 hothecas
207 2220 400 2302 rettulerunt,
418 2239 479 2282 non
492 2221 599 2282 melius
614 2240 701 2302 quam
716 2219 833 2301 Cicero,
847 2222 900 2281 sed
914 2220 1039 2302 lehcius,

47 2312 101 2389 pria
119 2308 185 2370 illos
204 2310 311 2369 iecisse
328 2310 485 2387 pauciores
506 2311 613 2370 sciunt.
649 2309 770 2370 Asinius
785 2327 915 2390 quoque,
939 2327 1039 2389 quam·
1053 2331 1080 2371 so

47 2416 120 2476 [111111
140 2396 331 2477 propioribus
352 2396 536 2476 temporibus
555 2405 643 2459 natus
657 2395 709 2477 sit,
736 2396 854 2458 videtur
873 2397 947 2458 mihi
960 2400 1040 2458 inter

47 2485 183 2547 denenios
202 2492 232 2545 ct
254 2485 365 2564 Appios
388 2485 546 2546 studuisse.
582 2485 744 2545 Pacuvium
768 2491 850 2545 certe
869 2491 899 2544 et
916 2484 1040 2545 Accium

47 2591 92 2633 lon
106 2574 202 2634 solum
216 2576 248 2634 iu
262 2572 421 2651 tragoediis
436 2573 587 2634 sedetiam
601 2571 786 2633 orationibus
800 2573 864 2631 suis
877 2573 1040 2652 expressit3

47 2660 104 2722 ideo
123 2661 217 2722 durus
236 2668 266 2721 et
284 2662 382 2722 siccus
401 2668 455 2721 est.
488 2663 581 2721 oratio
595 2667 708 2741 autem,
731 2661 810 2720 sicut
823 2676 933 2738 corpus
947 2658 1039 2719 homi·

47 2751 87 2830 lis,
110 2767 145 2810 ea
163 2749 282 2809 demum
300 2747 423 2828 pulchra
442 2756 497 2830 est,
519 2750 551 2809 in
569 2767 627 2827 qua
644 2766 705 2809 non
724 2749 855 2809 eminent
873 2765 964 2808 venae
983 2765 1038 2808 nec
1052 2767 1092 2813 es.

102 2919 184 2985 21‚s
213 2916 292 2972 Calvi
314 2917 370 2972 istu
392 2916 423 2970 in
445 2917 602 2998 Schultu'up,
628 2918 773 2973 Broterius
795 2915 989 2970 accusationes
1007 2932 1041 2971 cc

47 3004 103 3057 equ.
121 3003 201 3044 uersu
218 2988 271 3044 buc
288 2988 458 3057 transposuit
477 2989 482 3055 Ι
503 2986 631 3040 Asimum
648 2988 763 3057 Izipsius
778 2987 814 3054 19
835 2985 958 3039 omnium
976 2986 1041 3041 Aci

47 3059 137 3113 lulius:
155 3057 301 3111 hominum
316 3060 321 3126 Ι
339 3063 371 3112 10
389 3056 579 3112 inscribuntur
588 3057 716 3128 Lipsius:
736 3055 948 3110 conscribuntur
964 3055 1045 3110 Boo

47 3145 65 3183 o.
85 3130 123 3184 ud
141 3132 187 3195 15,
201 3132 258 3198 13),
278 3127 437 3182 scribuntur
455 3129 486 3183 F
508 3132 511 3196 Ι
538 3134 570 3182 11
589 3127 625 3182 iis
645 3130 661 3182 b
685 3131 690 3196 Ι
715 3127 744 3181 et
762 3125 854 3179 verbis
872 3125 1040 3198 Andreseul

49 3207 65 3253 3
85 3214 140 3266 quo
154 3197 247 3252 minus
265 3215 327 3253 uos:
347 3214 402 3265 quo
422 3198 501 3266 (quin
519 3198 593 3266 Put.)
610 3201 614 3267 Ι
632 3203 665 3251 15
684 3210 776 3250 nonne
794 3196 945 3250 Heuouuuu
960 3197 964 3264 Ι
980 3194 1042 3249 uni-

47 3284 128 3323 >orsae
148 3269 206 3322 sive
225 3270 319 3337 peries
339 3284 435 3322 eurum
455 3269 596 3324 Pithoeus:
615 3266 747 3320 universo
763 3266 844 3334 parte
863 3281 955 3318 serum
980 3269 984 3333 Ι
1009 3272 1042 3320 1‘1

47 3340 97 3394 lue
117 3339 158 3394 F:
182 3355 212 3392 re
265 3353 298 3392 ee
316 3339 405 3404 Bou,
429 3338 543 3393 hercule
561 3337 696 3404 Ribbeck,
719 3335 841 3389 reiculae
861 3337 963 3405 Mdhly
983 3338 987 3404 1
1008 3340 1042 3390 25

48 3428 97 3464 um
116 3410 189 3463 forte
235 3412 339 3473 lusscu,
365 3424 418 3462 nec
440 3409 498 3464 sere
519 3408 675 3463 &uuouius
704 3410 707 3474 Ι
737 3413 770 3461 27
789 3403 896 3473 teporis
914 3405 1041 3475 Lipsiusz

47 3480 238 3549 emporium
257 3478 465 3550 bybliothecas]
483 3480 624 3546 1111130
644 3476 909 3546 quiistostlBit
928 3475 958 3529 in
976 3477 1042 3534 add

47 3553 123 3608 litter
