2378 3982
150 189 217 254 240
500 185 806 243 consummem

217 332 269 397 40.
295 334 403 396 Contra
421 333 630 414 Langobardos
648 336 782 414 paucitas
799 335 948 397 nobilitat:
966 332 1117 414 plurimis
1136 354 1163 398 ac

150 424 359 486 valentissimis
373 423 543 484 nationibus
558 425 649 484 cincti
662 441 721 483 non
735 441 789 502 per
803 423 995 505 obsequium,
1010 424 1069 485 sed
1084 442 1164 504 proe-

150 513 199 575 liis
213 531 246 573 ac
260 511 455 592 periclitando
469 513 527 573 tuti
541 518 620 572 sunt
656 510 804 589 Reudigni
822 512 929 573 deinde
944 519 974 571 et
987 511 1127 574 Aviones
1140 519 1163 574 et

151 600 249 679 Anglii
266 608 297 661 et
309 599 411 660 Varini
428 607 459 660 et
472 599 606 660 Eudoses
624 606 655 660 et
669 598 837 660 Suardones
856 607 886 661 et
899 599 1051 662 Nuitones
1071 601 1162 662 flumi·

124 690 239 757 cuibus
253 696 304 749 aut
316 688 398 749 silvis
406 689 591 748 muniuntur.
609 705 665 748 nec
675 689 835 768 quicquam
843 687 972 749 notabile
982 690 1017 749 in
1029 689 1162 772 singulis,

150 780 210 838 nisi
228 776 307 857 quod
323 778 355 836 in
369 793 525 836 commune
538 775 696 857 Nerthum,
715 776 745 836 id
760 784 806 837 est
814 776 938 838 Terram
952 784 1104 861 matrem,
1122 796 1162 840 co

151 865 217 928 lunt
236 883 359 944 eamque
377 866 558 925 intervenire
577 863 667 925 rebus
685 863 849 946 homiuum,
867 865 966 926 invehi
981 865 1113 946 populis
1126 885 1160 928 ar·

150 954 310 1015 bitrantur.
328 953 418 1014 estin
432 952 529 1014 insula
543 952 654 1014 Oceani
667 960 782 1014 castum
795 971 910 1035 nemus,
924 953 1158 1035 dicatumqueir

151 1059 186 1103 eo
201 1041 383 1123 vehiculum,
402 1049 484 1102 veste
498 1048 681 1122 contectum3
700 1043 845 1121 attingere
859 1043 912 1103 uni
926 1043 1086 1105 sacerdoti
1100 1062 1157 1106 con·

110 1158 136 1199 10
151 1148 277 1192 cessum.
312 1132 339 1191 is
362 1129 465 1190 adesse
487 1129 633 1208 penetrali
657 1130 742 1190 deam
760 1128 905 1209 intellegit
917 1137 1104 1212 vectamque
1117 1132 1157 1194 bu

150 1219 207 1280 bus
226 1219 344 1280 feminis
361 1218 454 1279 multa
468 1236 537 1278 cum
550 1220 738 1279 veneratione
756 1221 957 1299 prosequitur.
999 1219 1078 1282 laeti
1096 1228 1158 1282 tunc

150 1308 228 1388 dies,
247 1309 322 1368 festa
339 1306 416 1387 loca,
436 1324 639 1385 quaecumque
658 1305 785 1368 adventu
804 1306 993 1386 hospitioque
1012 1307 1156 1386 dignatur.

149 1413 210 1456 non
228 1394 305 1456 bella
326 1395 443 1475 ineunt,
461 1412 522 1454 non
536 1412 616 1454 arma
630 1402 765 1475 sumunt3
786 1394 920 1456 clausum
929 1413 1018 1456 omne
1035 1397 1157 1478 ferrum

149 1502 207 1563 pax
225 1491 256 1544 et
273 1484 358 1560 quies
377 1490 449 1542 tunc
466 1488 584 1543 tantum
600 1490 683 1562 nota,
705 1489 777 1544 tunc
796 1491 910 1544 tantum
929 1491 1044 1566 amata,
1071 1486 1156 1547 donec

109 1597 136 1640 η
149 1571 229 1632 idem
239 1569 378 1630 sacerdos
392 1570 527 1631 satiatam
536 1572 758 1632 conversatione
773 1571 943 1632 mortalium
952 1572 1042 1633 deam
1054 1573 1156 1653 templo

149 1659 263 1720 reddat.
298 1676 367 1719 mox
381 1656 550 1719 vehiculum
565 1665 595 1719 et
608 1668 705 1720 vestes
720 1666 758 1741 et,
772 1661 798 1719 si
812 1660 935 1721 eredere
949 1659 1037 1743 velis,
1053 1678 1156 1723 numen

150 1749 248 1826 ipsum
267 1753 382 1807 secreto
407 1745 473 1808 lacu
492 1745 631 1808 abluitur.
667 1749 746 1808 servi
760 1748 943 1829 ministrant,
963 1766 1044 1827 quos
1065 1752 1155 1812 statiu

150 1835 229 1896 idem
242 1835 324 1896 lacus
338 1834 446 1896 haurit.
473 1853 599 1897 arcanus
613 1835 682 1895 hinc
697 1843 794 1896 terror
808 1844 968 1916 sanctaque
983 1838 1155 1919 ignorantia,

150 1924 222 2004 quid
237 1925 276 1985 sit
289 1922 371 2003 illud,
387 1923 466 2002 quod
480 1931 596 1985 tantum
609 1925 738 2001 perituri
750 1923 859 1985 vident.

215 2010 269 2073 41.
291 2012 331 2072 Et
348 2012 421 2073 haec
440 2011 560 2090 quidem
578 2028 647 2089 pars
666 2010 834 2073 Sueborum
854 2014 886 2073 in
904 2015 1072 2077 secretiora
1092 2015 1155 2078 Ger

149 2103 263 2161 maniae
286 2101 463 2178 porrigitur:
486 2100 621 2179 propior,
643 2105 687 2180 ut,
709 2100 870 2178 quomodo
887 2101 976 2179 paulo
994 2111 1068 2165 ante
1088 2103 1155 2165 une

148 2206 235 2265 num,
259 2189 303 2247 sic
321 2205 401 2247 nunc
420 2186 585 2247 Danuvium
604 2205 724 2268 sequar,
748 2187 1029 2252 Hermundurorum
1048 2194 1155 2272 civitat,
1184 2226 1185 2233 κ

149 2275 207 2335 fida
221 2275 374 2353 Romanis3
394 2292 488 2354 eoque
503 2274 574 2335 solis
588 2274 802 2337 Germanorum
815 2295 876 2338 non
889 2279 921 2339 in
934 2279 1000 2357 ripa
1015 2297 1155 2342 commer-
1184 2296 1185 2317 ³

119 2379 132 2421 a
151 2365 239 2442 cium,
256 2362 308 2422 sed
322 2363 442 2441 penitus
456 2370 544 2442 atque
558 2365 589 2423 in
603 2363 841 2442 splendidissima
854 2365 974 2426 Raetiae
987 2370 1154 2445 provinciae
1181 2383 1185 2424 ι

149 2450 272 2512 colonia.
304 2453 414 2529 passim
433 2453 497 2512 sine
512 2452 635 2513 custode
649 2458 818 2534 transennt3
837 2461 950 2515 etcum
964 2457 1079 2518 ceteris
1093 2474 1129 2536 ge

148 2538 230 2601 tibus
244 2557 324 2600 arma
338 2539 426 2600 modo
439 2547 594 2620 castraque
608 2548 709 2601 nostra
721 2541 921 2623 ostendamus,
935 2541 982 2602 his
992 2543 1102 2607 domos
1111 2543 1153 2606 vii
1174 2557 1185 2601 a

148 2628 1134 2707 lasquepatesecimusnonconcupiscentibus.iuHermundurisdlb
1182 2653 1185 2693 ε

218 2953 294 3024 40,1
314 2955 508 3026 Langobardos
525 2957 562 3025 B,
580 2956 751 3026 legebardos
769 2958 795 3025 b,
813 2957 1003 3027 longobardos
1019 2957 1138 3088 (ἔνθ’
1176 2977 1185 3013 r

146 3026 214 3081 libas
233 3027 308 3082 Boo
335 3029 339 3095 Ι
364 3034 380 3082 3
399 3043 432 3080 ac
449 3028 511 3083 Bb:
530 3029 560 3082 et
578 3027 603 3082 0
624 3033 628 3094 Ι
653 3027 775 3098 Reudigi
794 3028 829 3097 0,
847 3029 1004 3099 Veasdigni
1021 3031 1049 3085 B

148 3099 206 3165 Ms.
221 3114 251 3167 p.
265 3102 323 3154 257
347 3100 351 3164 Ι
377 3103 394 3151 4
413 3097 543 3152 Suarines
561 3098 653 3166 Boo,
671 3101 718 3154 sed
734 3102 767 3154 iu
784 3100 801 3154 b
820 3099 981 3155 Suardones
1000 3117 1063 3157 corr

147 3169 183 3234 cf.
203 3169 260 3234 Mf.
274 3184 304 3237 p.
320 3172 379 3224 256
404 3169 409 3237 Ι
432 3167 589 3223 Nuithones
607 3169 644 3236 B,
662 3171 795 3224 numeres
814 3171 844 3225 b¹
868 3173 874 3240 Ι
899 3170 1072 3226 tNeithum
1089 3172 1132 3229 Bt

146 3238 284 3293 Herthum
301 3239 466 3305 Rhenanus,
484 3239 620 3294 Hertham
638 3241 707 3296 coni.
727 3242 798 3309 atii!
815 3246 831 3294 8
850 3243 973 3295 castrum
993 3243 1027 3309 0,
1046 3259 1099 3299 vas
1171 3255 1185 3298 u

147 3309 319 3365 Freiasbeim
334 3312 370 3378 19
390 3309 595 3365 eoRbeuunus:
614 3325 648 3364 ea
664 3315 667 3373 Ι
685 3316 718 3365 14
736 3311 817 3383 nota]
836 3310 944 3366 inmota
963 3311 1063 3370 Freud
1181 3331 1185 3367 ι

148 3381 236 3451 {tunc
255 3380 351 3433 amata
368 3380 493 3435 Heroeuo
512 3383 517 3450 Ι
540 3386 572 3435 19
591 3379 674 3461 illud]
695 3379 725 3434 id
745 3380 770 3436 0
787 3387 791 3450 Ι
812 3383 892 3449 41‚1
913 3383 1072 3438 Sueborum

145 3466 253 3504 acum:
271 3451 419 3504 uerborum
434 3454 439 3519 Ι
454 3451 503 3518 42,
522 3457 537 3507 1
556 3450 667 3506 Nariscr
685 3468 779 3523 morpo
797 3454 823 3522 b,
842 3452 950 3508 Varisti
969 3454 1026 3523 Mf.
1040 3471 1072 3526 p.
1087 3456 1138 3516 ast

146 3520 317 3574 marcomani
335 3522 373 3589 b¹,
391 3524 454 3577 item
472 3523 545 3577 aliae

1078 3033 1088 3065 1

1088 3075 1096 3101 1
