<?xml version="1.0" encoding="UTF-8"?>
<!DOCTYPE html PUBLIC "-//W3C//DTD XHTML 1.0 Transitional//EN"
    "http://www.w3.org/TR/xhtml1/DTD/xhtml1-transitional.dtd">
<html xmlns="http://www.w3.org/1999/xhtml" xml:lang="en" lang="en">
 <head>
  <title>
</title>
<meta http-equiv="Content-Type" content="text/html;charset=utf-8" />
  <meta name='ocr-system' content='tesseract 3.04.00' />
  <meta name='ocr-capabilities' content='ocr_page ocr_carea ocr_par ocr_line ocrx_word'/>
</head>
<body>
  <div class='ocr_page' id='page_1' title='image "./libriquisupersu01tacigoog_0035.png"; bbox 0 0 2378 3982; ppageno 0'>
   <div class='ocr_carea' id='block_1_1' title="bbox 150 219 804 285">
    <p class='ocr_par' dir='ltr' id='par_1_1' title="bbox 150 219 804 285">
     <span class='ocr_line' id='line_1_1' title="bbox 150 219 804 285; baseline 0.003 -11"><span class='ocrx_word' id='word_1_1' title='bbox 150 220 215 285; x_wconf 88' lang='grc'>246</span> <span class='ocrx_word' id='word_1_2' title='bbox 498 219 668 276; x_wconf 82' lang='lat' dir='ltr'>CORNELII</span> <span class='ocrx_word' id='word_1_3' title='bbox 685 219 804 276; x_wconf 74' lang='lat' dir='ltr'>raom</span> 
     </span>
    </p>
   </div>
   <div class='ocr_carea' id='block_1_2' title="bbox 110 368 1165 3093">
    <p class='ocr_par' dir='ltr' id='par_1_2' title="bbox 123 368 1165 800">
     <span class='ocr_line' id='line_1_2' title="bbox 123 368 1163 446; baseline 0.001 -14"><span class='ocrx_word' id='word_1_4' title='bbox 123 393 137 435; x_wconf 84' lang='lat' dir='ltr'>s</span> <span class='ocrx_word' id='word_1_5' title='bbox 150 369 380 430; x_wconf 89' lang='lat' dir='ltr'>clarissimorum</span> <span class='ocrx_word' id='word_1_6' title='bbox 390 368 578 446; x_wconf 90' lang='lat' dir='ltr'>ingeniorum</span> <span class='ocrx_word' id='word_1_7' title='bbox 588 369 619 428; x_wconf 94' lang='lat' dir='ltr'>in</span> <span class='ocrx_word' id='word_1_8' title='bbox 634 370 752 428; x_wconf 90' lang='lat' dir='ltr'>comitio</span> <span class='ocrx_word' id='word_1_9' title='bbox 767 386 801 430; x_wconf 94' lang='lat' dir='ltr'>ac</span> <span class='ocrx_word' id='word_1_10' title='bbox 816 369 880 428; x_wconf 94' lang='lat' dir='ltr'>foro</span> <span class='ocrx_word' id='word_1_11' title='bbox 894 377 1070 431; x_wconf 87' lang='lat' dir='ltr'>urerentur.</span> <span class='ocrx_word' id='word_1_12' title='bbox 1112 373 1163 433; x_wconf 87' lang='lat' dir='ltr'>scl-</span> 
     </span>
     <span class='ocr_line' id='line_1_3' title="bbox 150 455 1164 535; baseline 0.002 -16"><span class='ocrx_word' id='word_1_13' title='bbox 150 457 221 519; x_wconf 87' lang='lat' dir='ltr'>bcet</span> <span class='ocrx_word' id='word_1_14' title='bbox 238 457 288 516; x_wconf 97' lang='lat' dir='ltr'>illo</span> <span class='ocrx_word' id='word_1_15' title='bbox 307 458 374 534; x_wconf 90' lang='lat' dir='ltr'>igne</span> <span class='ocrx_word' id='word_1_16' title='bbox 392 474 495 516; x_wconf 87' lang='lat' dir='ltr'>vocem</span> <span class='ocrx_word' id='word_1_17' title='bbox 512 455 613 535; x_wconf 87' lang='lat' dir='ltr'>populi</span> <span class='ocrx_word' id='word_1_18' title='bbox 627 455 751 516; x_wconf 86' lang='lat' dir='ltr'>Romani</span> <span class='ocrx_word' id='word_1_19' title='bbox 769 464 800 517; x_wconf 91' lang='lat' dir='ltr'>et</span> <span class='ocrx_word' id='word_1_20' title='bbox 812 455 980 517; x_wconf 88' lang='lat' dir='ltr'>libertatem</span> <span class='ocrx_word' id='word_1_21' title='bbox 994 465 1126 520; x_wconf 91' lang='lat' dir='ltr'>senatus</span> <span class='ocrx_word' id='word_1_22' title='bbox 1139 469 1164 521; x_wconf 88' lang='lat' dir='ltr'>et</span> 
     </span>
     <span class='ocr_line' id='line_1_4' title="bbox 151 543 1164 626; baseline 0.003 -20"><span class='ocrx_word' id='word_1_23' title='bbox 151 547 363 607; x_wconf 81' lang='lat' dir='ltr'><strong>conscientiam</strong></span> <span class='ocrx_word' id='word_1_24' title='bbox 381 547 499 622; x_wconf 88' lang='lat' dir='ltr'>generis</span> <span class='ocrx_word' id='word_1_25' title='bbox 518 544 639 603; x_wconf 91' lang='lat' dir='ltr'>humani</span> <span class='ocrx_word' id='word_1_26' title='bbox 653 544 764 605; x_wconf 83' lang='lat' dir='ltr'>aboleri</span> <span class='ocrx_word' id='word_1_27' title='bbox 778 543 1013 626; x_wconf 78' lang='lat' dir='ltr'>arbitrabantur,</span> <span class='ocrx_word' id='word_1_28' title='bbox 1030 547 1164 625; x_wconf 85' lang='lat' dir='ltr'>expulsis</span> 
     </span>
     <span class='ocr_line' id='line_1_5' title="bbox 149 631 1164 712; baseline 0.004 -18"><span class='ocrx_word' id='word_1_29' title='bbox 149 636 272 712; x_wconf 84' lang='lat' dir='ltr'>insuper</span> <span class='ocrx_word' id='word_1_30' title='bbox 295 634 456 711; x_wconf 85' lang='lat' dir='ltr'>sapientiae</span> <span class='ocrx_word' id='word_1_31' title='bbox 483 631 702 711; x_wconf 80' lang='lat' dir='ltr'>professoribus</span> <span class='ocrx_word' id='word_1_32' title='bbox 725 640 814 711; x_wconf 91' lang='lat' dir='ltr'>atque</span> <span class='ocrx_word' id='word_1_33' title='bbox 837 635 918 692; x_wconf 91' lang='lat' dir='ltr'>omni</span> <span class='ocrx_word' id='word_1_34' title='bbox 940 631 1020 694; x_wconf 93' lang='lat' dir='ltr'>bona</span> <span class='ocrx_word' id='word_1_35' title='bbox 1045 645 1116 697; x_wconf 91' lang='lat' dir='ltr'>arte</span> <span class='ocrx_word' id='word_1_36' title='bbox 1139 637 1164 698; x_wconf 91' lang='lat' dir='ltr'>in</span> 
     </span>
     <span class='ocr_line' id='line_1_6' title="bbox 150 719 1165 800; baseline 0.005 -18"><span class='ocrx_word' id='word_1_37' title='bbox 150 722 271 782; x_wconf 83' lang='lat' dir='ltr'>erilium</span> <span class='ocrx_word' id='word_1_38' title='bbox 285 730 358 800; x_wconf 91' lang='lat' dir='ltr'>acta,</span> <span class='ocrx_word' id='word_1_39' title='bbox 373 738 410 780; x_wconf 88' lang='lat' dir='ltr'>nc</span> <span class='ocrx_word' id='word_1_40' title='bbox 425 719 496 798; x_wconf 89' lang='lat' dir='ltr'>quid</span> <span class='ocrx_word' id='word_1_41' title='bbox 512 738 637 798; x_wconf 90' lang='lat' dir='ltr'>usquam</span> <span class='ocrx_word' id='word_1_42' title='bbox 650 719 809 781; x_wconf 89' lang='lat' dir='ltr'>honestum</span> <span class='ocrx_word' id='word_1_43' title='bbox 824 729 1006 782; x_wconf 90' lang='lat' dir='ltr'>occurreret.</span> <span class='ocrx_word' id='word_1_44' title='bbox 1025 722 1165 787; x_wconf 77' lang='lat' dir='ltr'>dedimus</span> 
     </span>
    </p>

    <p class='ocr_par' dir='ltr' id='par_1_3' title="bbox 111 808 1164 1242">
     <span class='ocr_line' id='line_1_7' title="bbox 111 808 1164 890; baseline 0.005 -20"><span class='ocrx_word' id='word_1_45' title='bbox 111 838 136 879; x_wconf 75' lang='grc' dir='ltr'>ιο</span> <span class='ocrx_word' id='word_1_46' title='bbox 149 810 282 890; x_wconf 89' lang='lat' dir='ltr'>profecto</span> <span class='ocrx_word' id='word_1_47' title='bbox 297 808 407 887; x_wconf 82' lang='lat' dir='ltr'>grande</span> <span class='ocrx_word' id='word_1_48' title='bbox 422 809 580 886; x_wconf 91' lang='lat' dir='ltr'>patientiae</span> <span class='ocrx_word' id='word_1_49' title='bbox 595 808 818 890; x_wconf 90' lang='lat' dir='ltr'>documentum;</span> <span class='ocrx_word' id='word_1_50' title='bbox 839 817 869 870; x_wconf 91' lang='lat' dir='ltr'>et</span> <span class='ocrx_word' id='word_1_51' title='bbox 887 811 964 870; x_wconf 90' lang='lat' dir='ltr'>sicut</span> <span class='ocrx_word' id='word_1_52' title='bbox 977 818 1071 872; x_wconf 88' lang='lat' dir='ltr'>vetus</span> <span class='ocrx_word' id='word_1_53' title='bbox 1088 823 1164 875; x_wconf 88' lang='lat' dir='ltr'>aetas</span> 
     </span>
     <span class='ocr_line' id='line_1_8' title="bbox 149 895 1163 976; baseline 0.003 -17"><span class='ocrx_word' id='word_1_54' title='bbox 149 899 223 960; x_wconf 88' lang='lat' dir='ltr'>vidit</span> <span class='ocrx_word' id='word_1_55' title='bbox 242 897 312 976; x_wconf 87' lang='lat' dir='ltr'>quid</span> <span class='ocrx_word' id='word_1_56' title='bbox 332 896 469 957; x_wconf 91' lang='lat' dir='ltr'>ultimum</span> <span class='ocrx_word' id='word_1_57' title='bbox 485 897 517 957; x_wconf 92' lang='lat' dir='ltr'>in</span> <span class='ocrx_word' id='word_1_58' title='bbox 535 895 671 956; x_wconf 87' lang='lat' dir='ltr'>libertato</span> <span class='ocrx_word' id='word_1_59' title='bbox 690 906 782 976; x_wconf 89' lang='lat' dir='ltr'>esset,</span> <span class='ocrx_word' id='word_1_60' title='bbox 800 899 840 958; x_wconf 88' lang='lat' dir='ltr'>ita</span> <span class='ocrx_word' id='word_1_61' title='bbox 859 915 914 957; x_wconf 92' lang='lat' dir='ltr'>nos</span> <span class='ocrx_word' id='word_1_62' title='bbox 936 897 1009 976; x_wconf 92' lang='lat' dir='ltr'>quid</span> <span class='ocrx_word' id='word_1_63' title='bbox 1026 900 1058 960; x_wconf 95' lang='lat' dir='ltr'>in</span> <span class='ocrx_word' id='word_1_64' title='bbox 1076 905 1163 962; x_wconf 78' lang='lat' dir='ltr'>servi·</span> 
     </span>
     <span class='ocr_line' id='line_1_9' title="bbox 150 985 1162 1070; baseline 0.004 -23"><span class='ocrx_word' id='word_1_65' title='bbox 150 995 228 1065; x_wconf 89' lang='lat' dir='ltr'>tute,</span> <span class='ocrx_word' id='word_1_66' title='bbox 246 986 382 1064; x_wconf 90' lang='lat' dir='ltr'>adempto</span> <span class='ocrx_word' id='word_1_67' title='bbox 396 1003 450 1063; x_wconf 92' lang='lat' dir='ltr'>per</span> <span class='ocrx_word' id='word_1_68' title='bbox 468 986 677 1063; x_wconf 83' lang='lat' dir='ltr'>inquisitiones</span> <span class='ocrx_word' id='word_1_69' title='bbox 695 986 784 1045; x_wconf 91' lang='lat' dir='ltr'>etiam</span> <span class='ocrx_word' id='word_1_70' title='bbox 801 985 943 1064; x_wconf 89' lang='lat' dir='ltr'>loquendi</span> <span class='ocrx_word' id='word_1_71' title='bbox 958 987 1162 1070; x_wconf 86' lang='lat' dir='ltr'>audiendique</span> 
     </span>
     <span class='ocr_line' id='line_1_10' title="bbox 150 1074 1162 1153; baseline 0.005 -18"><span class='ocrx_word' id='word_1_72' title='bbox 150 1076 337 1136; x_wconf 91' lang='lat' dir='ltr'>commercio.</span> <span class='ocrx_word' id='word_1_73' title='bbox 360 1075 532 1133; x_wconf 89' lang='lat' dir='ltr'>memoriam</span> <span class='ocrx_word' id='word_1_74' title='bbox 551 1091 670 1152; x_wconf 91' lang='lat' dir='ltr'>quoque</span> <span class='ocrx_word' id='word_1_75' title='bbox 689 1074 783 1152; x_wconf 91' lang='lat' dir='ltr'>ipsam</span> <span class='ocrx_word' id='word_1_76' title='bbox 803 1091 870 1134; x_wconf 92' lang='lat' dir='ltr'>cum</span> <span class='ocrx_word' id='word_1_77' title='bbox 889 1091 961 1134; x_wconf 87' lang='lat' dir='ltr'>voce</span> <span class='ocrx_word' id='word_1_78' title='bbox 979 1076 1162 1153; x_wconf 83' lang='lat' dir='ltr'>perdidisse</span> 
     </span>
     <span class='ocr_line' id='line_1_11' title="bbox 148 1159 1142 1242; baseline 0.006 -19"><span class='ocrx_word' id='word_1_79' title='bbox 148 1179 225 1242; x_wconf 91' lang='lat' dir='ltr'>mus,</span> <span class='ocrx_word' id='word_1_80' title='bbox 245 1164 343 1223; x_wconf 91' lang='lat' dir='ltr'>sitam</span> <span class='ocrx_word' id='word_1_81' title='bbox 358 1163 389 1222; x_wconf 92' lang='lat' dir='ltr'>in</span> <span class='ocrx_word' id='word_1_82' title='bbox 403 1168 504 1221; x_wconf 92' lang='lat' dir='ltr'>nostra</span> <span class='ocrx_word' id='word_1_83' title='bbox 518 1169 664 1239; x_wconf 89' lang='lat' dir='ltr'>potestate</span> <span class='ocrx_word' id='word_1_84' title='bbox 679 1169 759 1221; x_wconf 89' lang='lat' dir='ltr'>esset</span> <span class='ocrx_word' id='word_1_85' title='bbox 772 1159 907 1222; x_wconf 87' lang='lat' dir='ltr'>oblivisci</span> <span class='ocrx_word' id='word_1_86' title='bbox 921 1180 1012 1240; x_wconf 92' lang='lat' dir='ltr'>quam</span> <span class='ocrx_word' id='word_1_87' title='bbox 1027 1172 1142 1229; x_wconf 90' lang='lat' dir='ltr'>tacere.</span> 
     </span>
    </p>

    <p class='ocr_par' dir='ltr' id='par_1_4' title="bbox 122 1247 1157 2042">
     <span class='ocr_line' id='line_1_12' title="bbox 216 1247 1157 1330; baseline 0.004 -18"><span class='ocrx_word' id='word_1_88' title='bbox 216 1247 246 1312; x_wconf 83' lang='lat'>3.</span> <span class='ocrx_word' id='word_1_89' title='bbox 268 1249 354 1310; x_wconf 90' lang='lat' dir='ltr'>Nunc</span> <span class='ocrx_word' id='word_1_90' title='bbox 368 1249 487 1309; x_wconf 93' lang='lat' dir='ltr'>demum</span> <span class='ocrx_word' id='word_1_91' title='bbox 501 1249 580 1309; x_wconf 91' lang='lat' dir='ltr'>redit</span> <span class='ocrx_word' id='word_1_92' title='bbox 593 1251 721 1328; x_wconf 88' lang='lat' dir='ltr'>animus;</span> <span class='ocrx_word' id='word_1_93' title='bbox 736 1256 781 1309; x_wconf 89' lang='lat' dir='ltr'>set</span> <span class='ocrx_word' id='word_1_94' title='bbox 796 1266 973 1330; x_wconf 89' lang='lat' dir='ltr'>quamquam</span> <span class='ocrx_word' id='word_1_95' title='bbox 988 1253 1095 1329; x_wconf 88' lang='lat' dir='ltr'>primo</span> <span class='ocrx_word' id='word_1_96' title='bbox 1112 1264 1157 1316; x_wconf 85' lang='lat' dir='ltr'>sta·</span> 
     </span>
     <span class='ocr_line' id='line_1_13' title="bbox 149 1335 1157 1405; baseline 0.005 -5"><span class='ocrx_word' id='word_1_97' title='bbox 149 1342 203 1400; x_wconf 92' lang='lat' dir='ltr'>tim</span> <span class='ocrx_word' id='word_1_98' title='bbox 217 1336 509 1398; x_wconf 84' lang='lat' dir='ltr'>beatissimi-saeculi</span> <span class='ocrx_word' id='word_1_99' title='bbox 528 1346 597 1396; x_wconf 93' lang='lat' dir='ltr'>ortu</span> <span class='ocrx_word' id='word_1_100' title='bbox 610 1335 706 1396; x_wconf 90' lang='lat' dir='ltr'>Nerva</span> <span class='ocrx_word' id='word_1_101' title='bbox 720 1336 826 1397; x_wconf 87' lang='lat' dir='ltr'>Caesar</span> <span class='ocrx_word' id='word_1_102' title='bbox 840 1355 889 1398; x_wconf 91' lang='lat' dir='ltr'>res</span> <span class='ocrx_word' id='word_1_103' title='bbox 903 1337 974 1398; x_wconf 92' lang='lat' dir='ltr'>olim</span> <span class='ocrx_word' id='word_1_104' title='bbox 988 1338 1157 1405; x_wconf 85' lang='lat' dir='ltr'>dissociabi</span> 
     </span>
     <span class='ocr_line' id='line_1_14' title="bbox 149 1423 1156 1508; baseline 0.006 -21"><span class='ocrx_word' id='word_1_105' title='bbox 149 1428 194 1487; x_wconf 90' lang='lat' dir='ltr'>les</span> <span class='ocrx_word' id='word_1_106' title='bbox 207 1427 374 1504; x_wconf 90' lang='lat' dir='ltr'>miscuerit,</span> <span class='ocrx_word' id='word_1_107' title='bbox 388 1426 588 1503; x_wconf 88' lang='lat' dir='ltr'>principatum</span> <span class='ocrx_word' id='word_1_108' title='bbox 602 1443 636 1485; x_wconf 93' lang='lat' dir='ltr'>ac</span> <span class='ocrx_word' id='word_1_109' title='bbox 649 1423 830 1507; x_wconf 89' lang='lat' dir='ltr'>libertatem,</span> <span class='ocrx_word' id='word_1_110' title='bbox 846 1435 1013 1505; x_wconf 85' lang='lat' dir='ltr'>augeatque</span> <span class='ocrx_word' id='word_1_111' title='bbox 1029 1432 1156 1508; x_wconf 80' lang='lat' dir='ltr'>quotidie</span> 
     </span>
     <span class='ocr_line' id='line_1_15' title="bbox 150 1511 1154 1595; baseline 0.006 -20"><span class='ocrx_word' id='word_1_112' title='bbox 150 1515 320 1575; x_wconf 82' lang='lat' dir='ltr'>felicitatem</span> <span class='ocrx_word' id='word_1_113' title='bbox 344 1521 511 1591; x_wconf 92' lang='lat' dir='ltr'>temporum</span> <span class='ocrx_word' id='word_1_114' title='bbox 533 1511 628 1574; x_wconf 87' lang='lat' dir='ltr'>Nerva</span> <span class='ocrx_word' id='word_1_115' title='bbox 651 1512 808 1595; x_wconf 87' lang='lat' dir='ltr'>Traianus,</span> <span class='ocrx_word' id='word_1_116' title='bbox 834 1532 889 1575; x_wconf 89' lang='lat' dir='ltr'>nec</span> <span class='ocrx_word' id='word_1_117' title='bbox 913 1532 998 1593; x_wconf 91' lang='lat' dir='ltr'>spem</span> <span class='ocrx_word' id='word_1_118' title='bbox 1017 1519 1115 1580; x_wconf 94' lang='lat' dir='ltr'>modo</span> <span class='ocrx_word' id='word_1_119' title='bbox 1132 1538 1154 1581; x_wconf 84' lang='lat' dir='ltr'>at</span> 
     </span>
     <span class='ocr_line' id='line_1_16' title="bbox 122 1599 1155 1680; baseline 0.005 -15"><span class='ocrx_word' id='word_1_120' title='bbox 122 1611 252 1667; x_wconf 82' lang='lat' dir='ltr'>svotum</span> <span class='ocrx_word' id='word_1_121' title='bbox 270 1602 414 1661; x_wconf 88' lang='lat' dir='ltr'>securitas</span> <span class='ocrx_word' id='word_1_122' title='bbox 426 1599 554 1680; x_wconf 90' lang='lat' dir='ltr'>publica,</span> <span class='ocrx_word' id='word_1_123' title='bbox 568 1601 619 1661; x_wconf 91' lang='lat' dir='ltr'>sed</span> <span class='ocrx_word' id='word_1_124' title='bbox 634 1603 729 1679; x_wconf 91' lang='lat' dir='ltr'>ipsius</span> <span class='ocrx_word' id='word_1_125' title='bbox 743 1604 804 1662; x_wconf 87' lang='lat' dir='ltr'>voti</span> <span class='ocrx_word' id='word_1_126' title='bbox 813 1602 951 1663; x_wconf 85' lang='lat' dir='ltr'>fiduciam</span> <span class='ocrx_word' id='word_1_127' title='bbox 961 1621 997 1664; x_wconf 94' lang='lat' dir='ltr'>ac</span> <span class='ocrx_word' id='word_1_128' title='bbox 1008 1605 1110 1669; x_wconf 92' lang='lat' dir='ltr'>robur</span> <span class='ocrx_word' id='word_1_129' title='bbox 1119 1607 1155 1670; x_wconf 82' lang='lat' dir='ltr'>ad</span> 
     </span>
     <span class='ocr_line' id='line_1_17' title="bbox 150 1689 1154 1768; baseline 0.007 -17"><span class='ocrx_word' id='word_1_130' title='bbox 150 1690 320 1768; x_wconf 89' lang='lat' dir='ltr'>sumpserit,</span> <span class='ocrx_word' id='word_1_131' title='bbox 327 1697 432 1749; x_wconf 86' lang='lat' dir='ltr'>natura</span> <span class='ocrx_word' id='word_1_132' title='bbox 440 1698 537 1750; x_wconf 91' lang='lat' dir='ltr'>tamen</span> <span class='ocrx_word' id='word_1_133' title='bbox 545 1690 725 1750; x_wconf 87' lang='lat' dir='ltr'>infirmitatis</span> <span class='ocrx_word' id='word_1_134' title='bbox 737 1689 882 1751; x_wconf 90' lang='lat' dir='ltr'>humanae</span> <span class='ocrx_word' id='word_1_135' title='bbox 892 1691 1025 1752; x_wconf 89' lang='lat' dir='ltr'>tardiora</span> <span class='ocrx_word' id='word_1_136' title='bbox 1035 1705 1154 1758; x_wconf 82' lang='lat' dir='ltr'>sumre</span> 
     </span>
     <span class='ocr_line' id='line_1_18' title="bbox 149 1777 1154 1866; baseline 0.008 -28"><span class='ocrx_word' id='word_1_137' title='bbox 149 1778 246 1838; x_wconf 89' lang='lat' dir='ltr'>media</span> <span class='ocrx_word' id='word_1_138' title='bbox 261 1796 348 1858; x_wconf 91' lang='lat' dir='ltr'>quam</span> <span class='ocrx_word' id='word_1_139' title='bbox 362 1777 451 1858; x_wconf 90' lang='lat' dir='ltr'>mala;</span> <span class='ocrx_word' id='word_1_140' title='bbox 467 1786 498 1839; x_wconf 88' lang='lat' dir='ltr'>ct</span> <span class='ocrx_word' id='word_1_141' title='bbox 512 1788 544 1839; x_wconf 91' lang='lat' dir='ltr'>ut</span> <span class='ocrx_word' id='word_1_142' title='bbox 559 1796 684 1856; x_wconf 88' lang='lat' dir='ltr'>corpora</span> <span class='ocrx_word' id='word_1_143' title='bbox 697 1786 799 1839; x_wconf 88' lang='lat' dir='ltr'>nostra</span> <span class='ocrx_word' id='word_1_144' title='bbox 812 1779 891 1839; x_wconf 88' lang='lat' dir='ltr'>lente</span> <span class='ocrx_word' id='word_1_145' title='bbox 905 1793 1088 1866; x_wconf 85' lang='lat' dir='ltr'>augescunt,</span> <span class='ocrx_word' id='word_1_146' title='bbox 1107 1787 1154 1846; x_wconf 85' lang='lat' dir='ltr'>citt</span> 
     </span>
     <span class='ocr_line' id='line_1_19' title="bbox 150 1866 1119 1952; baseline 0.003 -24"><span class='ocrx_word' id='word_1_147' title='bbox 150 1869 373 1948; x_wconf 84' lang='lat' dir='ltr'>extinguuntur,</span> <span class='ocrx_word' id='word_1_148' title='bbox 388 1868 431 1927; x_wconf 90' lang='lat' dir='ltr'>sic</span> <span class='ocrx_word' id='word_1_149' title='bbox 446 1868 563 1945; x_wconf 88' lang='lat' dir='ltr'>ingenia</span> <span class='ocrx_word' id='word_1_150' title='bbox 577 1866 734 1945; x_wconf 87' lang='lat' dir='ltr'>studiaque</span> <span class='ocrx_word' id='word_1_151' title='bbox 748 1869 933 1946; x_wconf 89' lang='lat' dir='ltr'>oppresseris</span> <span class='ocrx_word' id='word_1_152' title='bbox 942 1869 1065 1932; x_wconf 82' lang='lat' dir='ltr'>facilius</span> <span class='ocrx_word' id='word_1_153' title='bbox 1077 1891 1119 1952; x_wconf 95' lang='lat' dir='ltr'>qu</span> 
     </span>
     <span class='ocr_line' id='line_1_20' title="bbox 149 1955 1153 2042; baseline 0.005 -26"><span class='ocrx_word' id='word_1_154' title='bbox 149 1957 348 2016; x_wconf 84' lang='lat' dir='ltr'>revocaveris:</span> <span class='ocrx_word' id='word_1_155' title='bbox 374 1955 455 2016; x_wconf 88' lang='lat' dir='ltr'>subit</span> <span class='ocrx_word' id='word_1_156' title='bbox 473 1956 582 2033; x_wconf 86' lang='lat' dir='ltr'>quippe</span> <span class='ocrx_word' id='word_1_157' title='bbox 601 1956 689 2014; x_wconf 88' lang='lat' dir='ltr'>etiam</span> <span class='ocrx_word' id='word_1_158' title='bbox 707 1956 802 2033; x_wconf 91' lang='lat' dir='ltr'>ipsius</span> <span class='ocrx_word' id='word_1_159' title='bbox 825 1957 950 2016; x_wconf 87' lang='lat' dir='ltr'>inertiae</span> <span class='ocrx_word' id='word_1_160' title='bbox 969 1957 1153 2042; x_wconf 85' lang='lat' dir='ltr'>dulcedo,cl</span> 
     </span>
    </p>

    <p class='ocr_par' dir='ltr' id='par_1_5' title="bbox 110 2040 1154 2478">
     <span class='ocr_line' id='line_1_21' title="bbox 110 2040 1153 2126; baseline 0 -18"><span class='ocrx_word' id='word_1_161' title='bbox 110 2067 135 2108; x_wconf 88' lang='lat'>10</span> <span class='ocrx_word' id='word_1_162' title='bbox 149 2045 243 2106; x_wconf 92' lang='lat' dir='ltr'>invisa</span> <span class='ocrx_word' id='word_1_163' title='bbox 257 2045 352 2122; x_wconf 91' lang='lat' dir='ltr'>primo</span> <span class='ocrx_word' id='word_1_164' title='bbox 368 2042 481 2103; x_wconf 90' lang='lat' dir='ltr'>desidia</span> <span class='ocrx_word' id='word_1_165' title='bbox 494 2050 644 2120; x_wconf 93' lang='lat' dir='ltr'>postremo</span> <span class='ocrx_word' id='word_1_166' title='bbox 659 2052 782 2103; x_wconf 91' lang='lat' dir='ltr'>amatur.</span> <span class='ocrx_word' id='word_1_167' title='bbox 817 2040 911 2123; x_wconf 82' lang='lat' dir='ltr'>quid?</span> <span class='ocrx_word' id='word_1_168' title='bbox 929 2046 955 2105; x_wconf 92' lang='lat' dir='ltr'>si</span> <span class='ocrx_word' id='word_1_169' title='bbox 968 2062 1025 2123; x_wconf 91' lang='lat' dir='ltr'>per</span> <span class='ocrx_word' id='word_1_170' title='bbox 1038 2049 1153 2126; x_wconf 86' lang='lat' dir='ltr'>quinde</span> 
     </span>
     <span class='ocr_line' id='line_1_22' title="bbox 149 2129 1153 2212; baseline 0.006 -18"><span class='ocrx_word' id='word_1_171' title='bbox 149 2135 207 2194; x_wconf 90' lang='lat' dir='ltr'>cim</span> <span class='ocrx_word' id='word_1_172' title='bbox 222 2150 326 2210; x_wconf 91' lang='lat' dir='ltr'>annos,</span> <span class='ocrx_word' id='word_1_173' title='bbox 349 2130 460 2208; x_wconf 88' lang='lat' dir='ltr'>grande</span> <span class='ocrx_word' id='word_1_174' title='bbox 479 2129 612 2190; x_wconf 93' lang='lat' dir='ltr'>mortalis</span> <span class='ocrx_word' id='word_1_175' title='bbox 625 2132 690 2190; x_wconf 87' lang='lat' dir='ltr'>acri</span> <span class='ocrx_word' id='word_1_176' title='bbox 703 2133 846 2212; x_wconf 88' lang='lat' dir='ltr'>spatium,</span> <span class='ocrx_word' id='word_1_177' title='bbox 864 2131 951 2209; x_wconf 89' lang='lat' dir='ltr'>multi</span> <span class='ocrx_word' id='word_1_178' title='bbox 964 2133 1104 2198; x_wconf 88' lang='lat' dir='ltr'>fortuitis</span> <span class='ocrx_word' id='word_1_179' title='bbox 1118 2155 1153 2199; x_wconf 78' lang='lat' dir='ltr'>oe</span> 
     </span>
     <span class='ocr_line' id='line_1_23' title="bbox 149 2219 1154 2305; baseline 0.007 -24"><span class='ocrx_word' id='word_1_180' title='bbox 149 2219 242 2300; x_wconf 91' lang='lat' dir='ltr'>sibus,</span> <span class='ocrx_word' id='word_1_181' title='bbox 256 2220 496 2296; x_wconf 89' lang='lat' dir='ltr'>promptissimus</span> <span class='ocrx_word' id='word_1_182' title='bbox 510 2220 636 2298; x_wconf 91' lang='lat' dir='ltr'>quisque</span> <span class='ocrx_word' id='word_1_183' title='bbox 646 2221 766 2279; x_wconf 88' lang='lat' dir='ltr'>saevitia</span> <span class='ocrx_word' id='word_1_184' title='bbox 775 2221 920 2298; x_wconf 92' lang='lat' dir='ltr'>principis</span> <span class='ocrx_word' id='word_1_185' title='bbox 931 2223 1154 2305; x_wconf 77' lang='lat' dir='ltr'>interciderunt,</span> 
     </span>
     <span class='ocr_line' id='line_1_24' title="bbox 148 2306 1131 2387; baseline 0.009 -20"><span class='ocrx_word' id='word_1_186' title='bbox 148 2309 245 2387; x_wconf 86' lang='lat' dir='ltr'>pauci,</span> <span class='ocrx_word' id='word_1_187' title='bbox 259 2315 294 2366; x_wconf 92' lang='lat' dir='ltr'>ut</span> <span class='ocrx_word' id='word_1_188' title='bbox 308 2308 348 2366; x_wconf 93' lang='lat' dir='ltr'>ita</span> <span class='ocrx_word' id='word_1_189' title='bbox 363 2306 501 2386; x_wconf 82' lang='lat' dir='ltr'>dixerim,</span> <span class='ocrx_word' id='word_1_190' title='bbox 515 2324 575 2367; x_wconf 95' lang='lat' dir='ltr'>non</span> <span class='ocrx_word' id='word_1_191' title='bbox 589 2306 675 2367; x_wconf 93' lang='lat' dir='ltr'>modo</span> <span class='ocrx_word' id='word_1_192' title='bbox 690 2306 816 2368; x_wconf 93' lang='lat' dir='ltr'>aliorum</span> <span class='ocrx_word' id='word_1_193' title='bbox 830 2309 882 2369; x_wconf 92' lang='lat' dir='ltr'>sed</span> <span class='ocrx_word' id='word_1_194' title='bbox 897 2311 985 2370; x_wconf 86' lang='lat' dir='ltr'>otiam</span> <span class='ocrx_word' id='word_1_195' title='bbox 999 2316 1103 2375; x_wconf 91' lang='lat' dir='ltr'>nostri</span> <span class='ocrx_word' id='word_1_196' title='bbox 1116 2332 1131 2376; x_wconf 90' lang='lat' dir='ltr'>s</span> 
     </span>
     <span class='ocr_line' id='line_1_25' title="bbox 149 2395 1132 2478; baseline 0.007 -22"><span class='ocrx_word' id='word_1_197' title='bbox 149 2397 290 2474; x_wconf 86' lang='lat' dir='ltr'>perstltos</span> <span class='ocrx_word' id='word_1_198' title='bbox 304 2411 420 2474; x_wconf 91' lang='lat' dir='ltr'>sumus,</span> <span class='ocrx_word' id='word_1_199' title='bbox 439 2396 582 2473; x_wconf 82' lang='lat' dir='ltr'>exemptis</span> <span class='ocrx_word' id='word_1_200' title='bbox 601 2413 617 2455; x_wconf 93' lang='lat' dir='ltr'>e</span> <span class='ocrx_word' id='word_1_201' title='bbox 631 2395 727 2456; x_wconf 89' lang='lat' dir='ltr'>media</span> <span class='ocrx_word' id='word_1_202' title='bbox 741 2397 800 2457; x_wconf 87' lang='lat' dir='ltr'>vita</span> <span class='ocrx_word' id='word_1_203' title='bbox 814 2404 859 2456; x_wconf 91' lang='lat' dir='ltr'>tot</span> <span class='ocrx_word' id='word_1_204' title='bbox 872 2399 970 2477; x_wconf 89' lang='lat' dir='ltr'>annis,</span> <span class='ocrx_word' id='word_1_205' title='bbox 989 2401 1106 2478; x_wconf 91' lang='lat' dir='ltr'>quibus</span> <span class='ocrx_word' id='word_1_206' title='bbox 1120 2405 1132 2463; x_wconf 95' lang='lat' dir='ltr'>i</span> 
     </span>
    </p>

    <p class='ocr_par' dir='ltr' id='par_1_6' title="bbox 110 2482 1158 2920">
     <span class='ocr_line' id='line_1_26' title="bbox 110 2482 1125 2563; baseline 0.003 -15"><span class='ocrx_word' id='word_1_207' title='bbox 110 2507 136 2548; x_wconf 78' lang='lat'>15</span> <span class='ocrx_word' id='word_1_208' title='bbox 149 2501 239 2544; x_wconf 84' lang='lat' dir='ltr'>rencs</span> <span class='ocrx_word' id='word_1_209' title='bbox 260 2482 296 2543; x_wconf 91' lang='lat' dir='ltr'>ad</span> <span class='ocrx_word' id='word_1_210' title='bbox 316 2490 512 2563; x_wconf 89' lang='lat' dir='ltr'>senectutem,</span> <span class='ocrx_word' id='word_1_211' title='bbox 535 2500 622 2544; x_wconf 87' lang='lat' dir='ltr'>sones</span> <span class='ocrx_word' id='word_1_212' title='bbox 640 2502 733 2563; x_wconf 87' lang='lat' dir='ltr'>propo</span> <span class='ocrx_word' id='word_1_213' title='bbox 757 2485 793 2545; x_wconf 91' lang='lat' dir='ltr'>ad</span> <span class='ocrx_word' id='word_1_214' title='bbox 812 2487 892 2563; x_wconf 92' lang='lat' dir='ltr'>ipsos</span> <span class='ocrx_word' id='word_1_215' title='bbox 911 2495 1033 2548; x_wconf 82' lang='lat' dir='ltr'>exactae</span> <span class='ocrx_word' id='word_1_216' title='bbox 1056 2498 1125 2551; x_wconf 91' lang='lat' dir='ltr'>aeta</span> 
     </span>
     <span class='ocr_line' id='line_1_27' title="bbox 148 2571 1130 2652; baseline 0.007 -19"><span class='ocrx_word' id='word_1_217' title='bbox 148 2574 292 2633; x_wconf 92' lang='lat' dir='ltr'>terminos</span> <span class='ocrx_word' id='word_1_218' title='bbox 311 2590 365 2651; x_wconf 91' lang='lat' dir='ltr'>per</span> <span class='ocrx_word' id='word_1_219' title='bbox 383 2571 534 2632; x_wconf 92' lang='lat' dir='ltr'>silentium</span> <span class='ocrx_word' id='word_1_220' title='bbox 552 2573 696 2632; x_wconf 88' lang='lat' dir='ltr'>venimus.</span> <span class='ocrx_word' id='word_1_221' title='bbox 723 2590 782 2632; x_wconf 91' lang='lat' dir='ltr'>non</span> <span class='ocrx_word' id='word_1_222' title='bbox 801 2580 900 2634; x_wconf 90' lang='lat' dir='ltr'>tamen</span> <span class='ocrx_word' id='word_1_223' title='bbox 918 2574 1034 2652; x_wconf 86' lang='lat' dir='ltr'>pigebit</span> <span class='ocrx_word' id='word_1_224' title='bbox 1053 2578 1130 2640; x_wconf 85' lang='lat' dir='ltr'>vel‘</span> 
     </span>
     <span class='ocr_line' id='line_1_28' title="bbox 149 2659 1135 2739; baseline 0.007 -18"><span class='ocrx_word' id='word_1_225' title='bbox 149 2660 268 2722; x_wconf 90' lang='lat' dir='ltr'>condita</span> <span class='ocrx_word' id='word_1_226' title='bbox 284 2678 318 2720; x_wconf 95' lang='lat' dir='ltr'>ac</span> <span class='ocrx_word' id='word_1_227' title='bbox 332 2659 401 2720; x_wconf 92' lang='lat' dir='ltr'>rudi</span> <span class='ocrx_word' id='word_1_228' title='bbox 415 2678 485 2721; x_wconf 88' lang='lat' dir='ltr'>voce</span> <span class='ocrx_word' id='word_1_229' title='bbox 500 2662 671 2720; x_wconf 92' lang='lat' dir='ltr'>memoriam</span> <span class='ocrx_word' id='word_1_230' title='bbox 686 2662 796 2739; x_wconf 92' lang='lat' dir='ltr'>prioris</span> <span class='ocrx_word' id='word_1_231' title='bbox 811 2663 962 2722; x_wconf 88' lang='lat' dir='ltr'>servitutis</span> <span class='ocrx_word' id='word_1_232' title='bbox 976 2681 1011 2724; x_wconf 93' lang='lat' dir='ltr'>ac</span> <span class='ocrx_word' id='word_1_233' title='bbox 1028 2670 1135 2729; x_wconf 90' lang='lat' dir='ltr'>testim</span> 
     </span>
     <span class='ocr_line' id='line_1_29' title="bbox 148 2748 1158 2827; baseline 0.007 -18"><span class='ocrx_word' id='word_1_234' title='bbox 148 2751 232 2809; x_wconf 93' lang='lat' dir='ltr'>nium</span> <span class='ocrx_word' id='word_1_235' title='bbox 250 2751 452 2827; x_wconf 92' lang='lat' dir='ltr'>praesentium</span> <span class='ocrx_word' id='word_1_236' title='bbox 469 2748 616 2809; x_wconf 91' lang='lat' dir='ltr'>bonorum</span> <span class='ocrx_word' id='word_1_237' title='bbox 634 2751 845 2827; x_wconf 90' lang='lat' dir='ltr'>composuisse.</span> <span class='ocrx_word' id='word_1_238' title='bbox 873 2749 923 2811; x_wconf 88' lang='lat' dir='ltr'>bic</span> <span class='ocrx_word' id='word_1_239' title='bbox 941 2752 1065 2814; x_wconf 90' lang='lat' dir='ltr'>interim</span> <span class='ocrx_word' id='word_1_240' title='bbox 1088 2755 1158 2817; x_wconf 81' lang='lat' dir='ltr'>liber</span> 
     </span>
     <span class='ocr_line' id='line_1_30' title="bbox 148 2836 1148 2920; baseline 0.009 -23"><span class='ocrx_word' id='word_1_241' title='bbox 148 2836 255 2897; x_wconf 92' lang='lat' dir='ltr'>honori</span> <span class='ocrx_word' id='word_1_242' title='bbox 277 2836 429 2913; x_wconf 82' lang='lat' dir='ltr'>Agricolae</span> <span class='ocrx_word' id='word_1_243' title='bbox 448 2839 545 2897; x_wconf 91' lang='lat' dir='ltr'>soceri</span> <span class='ocrx_word' id='word_1_244' title='bbox 562 2839 622 2898; x_wconf 93' lang='lat' dir='ltr'>mei</span> <span class='ocrx_word' id='word_1_245' title='bbox 639 2837 817 2918; x_wconf 89' lang='lat' dir='ltr'>destinatus,</span> <span class='ocrx_word' id='word_1_246' title='bbox 839 2839 1025 2916; x_wconf 89' lang='lat' dir='ltr'>professione</span> <span class='ocrx_word' id='word_1_247' title='bbox 1039 2844 1148 2920; x_wconf 72' lang='lat' dir='ltr'>pieta*</span> 
     </span>
    </p>

    <p class='ocr_par' dir='ltr' id='par_1_7' title="bbox 110 2924 670 2988">
     <span class='ocr_line' id='line_1_31' title="bbox 110 2924 670 2988; baseline -0.004 0"><span class='ocrx_word' id='word_1_248' title='bbox 110 2948 137 2988; x_wconf 78' lang='lat' dir='ltr'>so</span> <span class='ocrx_word' id='word_1_249' title='bbox 151 2932 202 2987; x_wconf 91' lang='lat' dir='ltr'>aut</span> <span class='ocrx_word' id='word_1_250' title='bbox 216 2924 352 2985; x_wconf 90' lang='lat' dir='ltr'>laudatus</span> <span class='ocrx_word' id='word_1_251' title='bbox 367 2927 424 2984; x_wconf 89' lang='lat' dir='ltr'>erit</span> <span class='ocrx_word' id='word_1_252' title='bbox 438 2933 489 2985; x_wconf 93' lang='lat' dir='ltr'>aut</span> <span class='ocrx_word' id='word_1_253' title='bbox 503 2933 670 2986; x_wconf 86' lang='lat' dir='ltr'>excusatus.</span> 
     </span>
    </p>

    <p class='ocr_par' dir='ltr' id='par_1_8' title="bbox 214 3010 1159 3093">
     <span class='ocr_line' id='line_1_32' title="bbox 214 3010 1159 3093; baseline 0.011 -19"><span class='ocrx_word' id='word_1_254' title='bbox 214 3010 245 3074; x_wconf 87' lang='grc'>4.</span> <span class='ocrx_word' id='word_1_255' title='bbox 264 3013 381 3074; x_wconf 84' lang='lat' dir='ltr'>Gnaeus</span> <span class='ocrx_word' id='word_1_256' title='bbox 400 3012 492 3074; x_wconf 88' lang='lat' dir='ltr'>lulius</span> <span class='ocrx_word' id='word_1_257' title='bbox 507 3013 654 3093; x_wconf 79' lang='lat' dir='ltr'>Agricola,</span> <span class='ocrx_word' id='word_1_258' title='bbox 672 3020 772 3074; x_wconf 88' lang='lat' dir='ltr'>vetere</span> <span class='ocrx_word' id='word_1_259' title='bbox 791 3022 821 3074; x_wconf 89' lang='lat' dir='ltr'>et</span> <span class='ocrx_word' id='word_1_260' title='bbox 838 3013 959 3075; x_wconf 91' lang='lat' dir='ltr'>inlustri</span> <span class='ocrx_word' id='word_1_261' title='bbox 971 3013 1159 3084; x_wconf 81' lang='lat' dir='ltr'>Foroiulien</span> 
     </span>
    </p>
   </div>
   <div class='ocr_carea' id='block_1_3' title="bbox 148 3200 1161 3484">
    <p class='ocr_par' dir='ltr' id='par_1_9' title="bbox 148 3200 1161 3484">
     <span class='ocr_line' id='line_1_33' title="bbox 220 3200 1161 3279; baseline 0.003 -23"><span class='ocrx_word' id='word_1_262' title='bbox 220 3201 278 3268; x_wconf 77' lang='lat' dir='ltr'>2‚t</span> <span class='ocrx_word' id='word_1_263' title='bbox 306 3217 403 3256; x_wconf 89' lang='lat' dir='ltr'>vocem</span> <span class='ocrx_word' id='word_1_264' title='bbox 422 3217 472 3255; x_wconf 88' lang='lat' dir='ltr'>om.</span> <span class='ocrx_word' id='word_1_265' title='bbox 490 3200 518 3253; x_wconf 94' lang='lat' dir='ltr'><strong><em>B</em></strong></span> <span class='ocrx_word' id='word_1_266' title='bbox 551 3202 556 3268; x_wconf 94' lang='grc' dir='ltr'>Ι</span> <span class='ocrx_word' id='word_1_267' title='bbox 590 3206 737 3256; x_wconf 75' lang='lat' dir='ltr'>‘toccume</span> <span class='ocrx_word' id='word_1_268' title='bbox 756 3202 784 3255; x_wconf 89' lang='grc' dir='ltr'><strong><em>Β</em></strong></span> <span class='ocrx_word' id='word_1_269' title='bbox 818 3204 823 3272; x_wconf 84' lang='grc' dir='ltr'>Ι</span> <span class='ocrx_word' id='word_1_270' title='bbox 858 3209 891 3258; x_wconf 90' lang='grc'>10</span> <span class='ocrx_word' id='word_1_271' title='bbox 909 3203 1018 3272; x_wconf 62' lang='lat' dir='ltr'>monde</span> <span class='ocrx_word' id='word_1_272' title='bbox 1037 3222 1096 3267; x_wconf 79' lang='lat' dir='ltr'>om,</span> <span class='ocrx_word' id='word_1_273' title='bbox 1116 3206 1161 3279; x_wconf 80' lang='grc' dir='ltr'>ΒΙ</span> 
     </span>
     <span class='ocr_line' id='line_1_34' title="bbox 148 3270 1161 3343; baseline 0.008 -18"><span class='ocrx_word' id='word_1_274' title='bbox 148 3272 211 3340; x_wconf 77' lang='lat'>8,1</span> <span class='ocrx_word' id='word_1_275' title='bbox 240 3270 326 3325; x_wconf 84' lang='lat' dir='ltr'>rediit</span> <span class='ocrx_word' id='word_1_276' title='bbox 351 3271 465 3340; x_wconf 74' lang='lat' dir='ltr'>Spengel</span> <span class='ocrx_word' id='word_1_277' title='bbox 497 3273 503 3337; x_wconf 86' lang='grc' dir='ltr'>Ι</span> <span class='ocrx_word' id='word_1_278' title='bbox 537 3272 581 3324; x_wconf 82' lang='lat' dir='ltr'>sel</span> <span class='ocrx_word' id='word_1_279' title='bbox 612 3273 725 3326; x_wconf 82' lang='lat' dir='ltr'>editores</span> <span class='ocrx_word' id='word_1_280' title='bbox 756 3273 917 3341; x_wconf 78' lang='lat' dir='ltr'>Bipootim&#39;:</span> <span class='ocrx_word' id='word_1_281' title='bbox 950 3276 979 3328; x_wconf 83' lang='lat' dir='ltr'>et</span> <span class='ocrx_word' id='word_1_282' title='bbox 1014 3277 1020 3343; x_wconf 86' lang='grc'>1</span> <span class='ocrx_word' id='word_1_283' title='bbox 1055 3284 1076 3333; x_wconf 78' lang='lat'>2</span> <span class='ocrx_word' id='word_1_284' title='bbox 1114 3279 1161 3335; x_wconf 83' lang='lat' dir='ltr'>d&#39;n·</span> 
     </span>
     <span class='ocr_line' id='line_1_35' title="bbox 150 3339 1105 3421; baseline 0.01 -25"><span class='ocrx_word' id='word_1_285' title='bbox 150 3341 285 3396; x_wconf 85' lang='lat' dir='ltr'>solubiles</span> <span class='ocrx_word' id='word_1_286' title='bbox 303 3341 383 3409; x_wconf 71' lang='lat'>1315</span> <span class='ocrx_word' id='word_1_287' title='bbox 403 3339 562 3395; x_wconf 77' lang='lat' dir='ltr'>securitatis</span> <span class='ocrx_word' id='word_1_288' title='bbox 581 3358 624 3396; x_wconf 85' lang='lat' dir='ltr'>res</span> <span class='ocrx_word' id='word_1_289' title='bbox 642 3342 757 3412; x_wconf 81' lang='lat' dir='ltr'>publica</span> <span class='ocrx_word' id='word_1_290' title='bbox 775 3344 910 3411; x_wconf 73' lang='lat' dir='ltr'>Meitcefil</span> <span class='ocrx_word' id='word_1_291' title='bbox 933 3350 964 3398; x_wconf 88' lang='lat'>11</span> <span class='ocrx_word' id='word_1_292' title='bbox 984 3347 1105 3421; x_wconf 71' lang='lat' dir='ltr'>multis,</span> 
     </span>
     <span class='ocr_line' id='line_1_36' title="bbox 148 3411 1161 3484; baseline 0.012 -17"><span class='ocrx_word' id='word_1_293' title='bbox 148 3412 264 3482; x_wconf 78' lang='lat' dir='ltr'>Lipsius</span> <span class='ocrx_word' id='word_1_294' title='bbox 280 3415 285 3483; x_wconf 86' lang='grc' dir='ltr'>Ι</span> <span class='ocrx_word' id='word_1_295' title='bbox 302 3419 334 3467; x_wconf 86' lang='grc'>13</span> <span class='ocrx_word' id='word_1_296' title='bbox 353 3413 385 3465; x_wconf 82' lang='lat' dir='ltr'>ut</span> <span class='ocrx_word' id='word_1_297' title='bbox 403 3411 445 3466; x_wconf 85' lang='lat' dir='ltr'>ita</span> <span class='ocrx_word' id='word_1_298' title='bbox 463 3412 626 3468; x_wconf 77' lang='lat' dir='ltr'>Rhenanus:</span> <span class='ocrx_word' id='word_1_299' title='bbox 646 3415 676 3468; x_wconf 75' lang='lat' dir='ltr'>et</span> <span class='ocrx_word' id='word_1_300' title='bbox 693 3412 736 3467; x_wconf 87' lang='lat' dir='ltr'>uti</span> <span class='ocrx_word' id='word_1_301' title='bbox 755 3415 797 3482; x_wconf 82' lang='lat' dir='ltr'>(ut</span> <span class='ocrx_word' id='word_1_302' title='bbox 816 3415 856 3467; x_wconf 89' lang='lat' dir='ltr'>sic</span> <span class='ocrx_word' id='word_1_303' title='bbox 870 3415 997 3484; x_wconf 72' lang='lat' dir='ltr'>Wdlftit&#39;o</span> <span class='ocrx_word' id='word_1_304' title='bbox 1015 3421 1050 3474; x_wconf 77' lang='lat' dir='ltr'>io</span> <span class='ocrx_word' id='word_1_305' title='bbox 1064 3420 1161 3479; x_wconf 65' lang='lat' dir='ltr'>Poste</span> 
     </span>
    </p>
   </div>
   <div class='ocr_carea' id='block_1_4' title="bbox 140 3481 1124 3606">
    <p class='ocr_par' dir='ltr' id='par_1_10' title="bbox 140 3481 1124 3606">
     <span class='ocr_line' id='line_1_37' title="bbox 148 3481 1124 3606; baseline 0.009 -68"><span class='ocrx_word' id='word_1_306' title='bbox 148 3488 198 3564; x_wconf 50' lang='grc' dir='ltr'>ξε,</span> <span class='ocrx_word' id='word_1_307' title='bbox 213 3487 277 3606; x_wconf 54' lang='grc' dir='ltr'>ΗΞ)</span> <span class='ocrx_word' id='word_1_308' title='bbox 307 3487 311 3552; x_wconf 81' lang='lat' dir='ltr'>l</span> <span class='ocrx_word' id='word_1_309' title='bbox 342 3489 375 3537; x_wconf 80' lang='lat'>1⁷</span> <span class='ocrx_word' id='word_1_310' title='bbox 394 3481 537 3539; x_wconf 85' lang='lat' dir='ltr'>servitutis</span> <span class='ocrx_word' id='word_1_311' title='bbox 561 3483 690 3540; x_wconf 76' lang='lat' dir='ltr'>Ursinus:</span> <span class='ocrx_word' id='word_1_312' title='bbox 711 3484 863 3539; x_wconf 79' lang='lat' dir='ltr'>senectutis</span> <span class='ocrx_word' id='word_1_313' title='bbox 897 3488 901 3555; x_wconf 81' lang='lat' dir='ltr'>l</span> <span class='ocrx_word' id='word_1_314' title='bbox 935 3486 962 3557; x_wconf 77' lang='lat'>4,</span> <span class='ocrx_word' id='word_1_315' title='bbox 982 3493 995 3541; x_wconf 87' lang='lat'>1</span> <span class='ocrx_word' id='word_1_316' title='bbox 1017 3488 1081 3548; x_wconf 82' lang='lat' dir='ltr'>fori</span> <span class='ocrx_word' id='word_1_317' title='bbox 1117 3497 1124 3510; x_wconf 83' lang='grc'><em>·</em></span> 
     </span>
     <span class='ocr_line' id='line_1_38' title="bbox 140 3569 218 3605; baseline 0.026 -2"><span class='ocrx_word' id='word_1_318' title='bbox 140 3569 218 3605; x_wconf 74' lang='lat' dir='ltr'>surm</span> 
     </span>
    </p>
   </div>
   <div class='ocr_carea' id='block_1_5' title="bbox 0 0 1194 3982">
    <p class='ocr_par' dir='ltr' id='par_1_11' title="bbox 0 0 1194 3982">
     <span class='ocr_line' id='line_1_39' title="bbox 0 0 1194 3982; baseline 0 1"><span class='ocrx_word' id='word_1_319' title='bbox 0 0 1194 3982; x_wconf 95' lang='lat' dir='ltr'> </span> 
     </span>
    </p>
   </div>
  </div>
 </body>
</html>
