2340 3982
362 199 567 256 AGRIOOLAE
587 206 700 255 11-14.
967 201 1033 267 253

10 340 111 412 ¹tarde
133 350 308 428 mitescunt,
332 349 390 409 oito
414 349 606 427 proveniunt3
630 347 792 426 eademque
810 350 967 427 utriusque
989 350 1033 410 rei

29 456 129 520 eausa,
152 437 262 499 multus
285 455 372 497 umor
391 445 540 497 terrarum
558 435 699 514 caelique.
735 436 794 495 lert
811 434 961 498 Britannia
983 456 1034 498 au·

30 543 96 588 rum
114 535 144 586 et
161 534 316 604 argentum
336 533 366 584 et
380 524 435 584 alia
448 522 579 602 metalla,
602 525 732 601 pretium
751 525 900 584 victoriae.
941 527 1035 604 gignit

31 625 58 676 ot
71 613 207 676 Oceanus
225 615 397 693 margarita,
417 613 469 673 sed
491 611 629 672 subfusca
643 629 678 672 ao
691 611 819 672 liventia.
857 611 977 690 quidam
990 632 1034 675 ar·
1048 636 1076 676 ao

30 711 88 764 tem
107 701 211 763 abesse
229 700 397 780 legentmus
417 699 612 780 arbitrantur3
630 716 697 759 nam
715 701 746 760 in
765 699 857 761 rubro
879 702 955 761 mari
972 703 1036 762 viva

26 806 60 855 to
74 793 219 870 spirantia
234 791 313 850 saxis
327 787 420 868 avelli,
433 791 464 848 in
477 788 637 869 Britannia,
651 795 742 866 prout
755 787 877 867 expulsa
892 789 964 869 sint,
979 788 1037 849 ool·

27 874 92 958 ligi:
107 897 161 957 ego
176 877 293 938 facilius
308 875 484 937 crediderim
498 883 633 937 naturam
646 879 815 954 margaritis
830 875 934 937 deesse
949 893 1037 956 quam

46 966 117 1028 obis
132 965 292 1026 avaritiam.

99 1051 148 1114 13.
167 1053 227 1131 lpsi
241 1053 373 1112 Britanni
387 1052 528 1113 dilectum
546 1070 581 1113 ae
599 1051 710 1113 tributa
729 1060 760 1113 et
772 1053 904 1114 iniuncta
918 1054 1037 1134 imperii

56 1159 151 1204 unera
175 1142 300 1218 impigre
322 1138 446 1220 obeunt,
474 1141 501 1200 si
518 1142 644 1200 iniuriae
660 1139 769 1200 absint:
787 1139 841 1201 has
859 1158 946 1218 aegre
965 1141 1037 1201 tole·

21 1239 103 1309 rant,
118 1232 176 1289 iam
190 1229 295 1288 domiti
307 1237 350 1289 ut·
360 1237 491 1308 pareant,
505 1228 636 1288 nondum
651 1237 685 1290 ut
699 1230 836 1289 serviant.
872 1231 965 1307 igitur
978 1230 1038 1307 pri·

10 1328 97 1397 imus
115 1319 247 1378 omnium
262 1316 462 1377 Romanorum
480 1315 566 1376 divus
580 1314 673 1378 lulius
692 1334 760 1378 oum
774 1318 908 1377 exercitu
922 1316 1037 1377 Britan·

10 1400 107 1471 [uiam
122 1408 285 1484 ingressus,
304 1422 482 1484 quamquam
495 1421 638 1483 prospera
651 1422 751 1484 pugna
764 1406 907 1465 terruerit
925 1404 1038 1466 incolas
1051 1427 1064 1468 ⁵

23 1513 62 1556 ao
81 1493 169 1554 litore
192 1495 306 1572 potitus
329 1495 381 1574 sit,
405 1501 504 1571 potest
521 1493 616 1553 videri
633 1493 799 1555 ostendisse
817 1494 959 1574 posteris,
978 1510 1037 1553 non

24 1581 197 1646 tradidisse.
214 1599 283 1642 mox
300 1579 376 1642 bella
395 1579 491 1641 civilia
509 1589 539 1641 et
556 1583 588 1641 in
606 1599 671 1642 rem
689 1581 837 1660 publicam
858 1600 944 1643 versa
956 1583 1037 1661 prin·

25 1673 132 1749 cipum
145 1687 234 1750 arma,
255 1687 289 1730 ao
308 1668 394 1746 longa
413 1668 520 1729 oblivio
534 1666 702 1730 Britanniae
718 1673 806 1729 etiam
820 1671 850 1729 in
864 1688 949 1748 pace:
968 1689 1037 1732 oon-

26 1758 131 1821 silium
142 1758 174 1817 id
188 1757 273 1818 divus
291 1757 442 1836 Augustus
457 1755 587 1835 vocabar,
601 1755 739 1817 'liberius
753 1766 955 1836 praeceptum.
977 1761 1036 1835 agi-

26 1858 109 1908 tasse
128 1844 232 1907 Gaium
244 1844 409 1905 Caesarem
432 1843 469 1904 de
487 1843 623 1904 intranda
641 1844 793 1905 Britannia
816 1847 887 1904 satis
911 1853 1035 1925 constat,
1050 1868 1077 1908 ro

27 1937 60 1996 ui
84 1932 170 1994 velox
192 1935 311 2012 ingenio
333 1932 436 1993 mobili
458 1935 669 2014 paenitentiae,
693 1939 723 1992 et
741 1935 878 2010 ingentes
896 1931 1038 1993 adversus

26 2022 217 2084 Germaniam
236 2030 360 2082 oonatus
378 2022 489 2081 trustra
508 2021 640 2081 fuissent
672 2020 757 2080 divus
777 2018 916 2081 Claudius
935 2027 1039 2080 auctor
1116 2017 1119 2023 ’

27 2112 132 2172 iterati
153 2112 266 2189 operis,
290 2110 470 2191 transvectis
495 2107 660 2188 legionibds
679 2108 855 2187 auxiliisque
874 2117 905 2168 et
922 2107 1038 2168 adsum·

26 2209 82 2278 pto
96 2200 128 2258 in
142 2206 256 2276 partem
270 2215 371 2257 rerum
380 2197 568 2278 Vespasiano,
590 2197 668 2277 quod
682 2199 800 2258 initium
814 2204 956 2258 venturae
970 2214 1039 2256 mox

28 2287 167 2348 fortunae
189 2286 259 2347 luit:
278 2285 405 2346 domitae
426 2294 543 2365 gentes,
562 2288 641 2364 capti
654 2304 740 2364 reges
755 2294 785 2347 et
798 2293 980 2347 monstratus
998 2286 1038 2346 la·
1052 2306 1080 2350 ra

27 2377 71 2438 us
84 2373 293 2453 Vespasianus

100 2459 152 2524 14.
179 2462 384 2523 Consularium
402 2464 517 2540 primus
535 2461 628 2522 dulus
646 2460 779 2521 Plautius
798 2463 985 2540 praepositus
1004 2480 1038 2522 ao

30 2549 160 2613 subinde
178 2549 315 2611 Ostorius
337 2550 475 2629 Scapula,
494 2559 619 2628 uterque
638 2548 715 2609 bello
735 2551 885 2627 egregius:
907 2548 1038 2609 redacta-

30 2657 90 2718 que
105 2638 246 2718 paulatim
260 2641 291 2699 in
305 2638 429 2699 lormam
443 2639 611 2716 provinciae
626 2638 759 2716 proxima
772 2654 841 2714 pars
856 2636 1040 2719 Britanniae3

31 2727 131 2788 addita
148 2729 272 2805 insuper
290 2734 496 2787 veteranorum
515 2725 638 2786 colonia.
676 2724 818 2803 quaedam
837 2727 972 2786 civitates
986 2725 1039 2786 Co·
1106 2740 1109 2744 ⁴

29 2815 174 2894 gidumno
195 2816 259 2893 regi
275 2814 398 2875 donatae
413 2809 453 2893 (is
467 2813 503 2874 ad
518 2822 650 2874 nostram
664 2831 760 2893 usque
773 2816 946 2874 memoriam
960 2814 1067 2878 fidis-a

104 2966 189 3035 12,ss
208 2965 266 3020 aito
283 2965 460 3035 proveniunt,
479 2963 560 3018 tarde
577 2964 729 3019 mitescunt
737 2965 895 3034 Peerttamp
911 2968 915 3033 Ι
931 2971 966 3032 ²0.
984 2964 1040 3018 suf·

32 3037 96 3092 fuae
114 3053 148 3091 ue
165 3035 274 3092 liuente
292 3036 320 3090 B
334 3039 339 3104 1
355 3036 426 3103 13,1
447 3034 596 3102 delectum,
614 3037 677 3091 item
691 3037 763 3090 alios
779 3040 783 3105 Ι
799 3043 815 3089 2
835 3036 956 3088 subeunt
968 3034 1040 3103 Nip-

10 3162 12 3167 .
30 3109 132 3179 peden
161 3108 166 3175 Ι
194 3113 212 3164 8
230 3106 316 3162 etiam
334 3108 374 3161 A:
392 3107 450 3161 iam
468 3106 496 3160 B
523 3109 528 3173 Ι
557 3113 573 3161 t
591 3109 772 3175 praeceptum
789 3107 817 3158 A
835 3119 941 3173 mergo:
959 3119 1039 3173 prue-

10 3198 13 3249 j
34 3181 146 3248 neptum
165 3176 200 3233 .l.
220 3179 250 3246 (ι’,
269 3196 290 3233 a.
308 3177 383 3247 lege)
400 3178 441 3245 B,
460 3175 663 3257 proripuerit
685 3184 716 3230 11
736 3174 844 3244 ingenii
861 3172 975 3228 mobilis
992 3189 1040 3243 pe-

34 3248 170 3304 nitentiae
179 3249 216 3316 B,
234 3246 358 3317 ingenio,
376 3246 489 3303 mobilis
506 3247 682 3317 paenitentia
697 3247 875 3313 Puteolanus,
894 3249 923 3298 at
936 3245 971 3310 os.
981 3247 1041 3299 An·

22 3320 129 3389 deren
150 3325 205 3376 not.
235 3320 241 3388 Ι
272 3325 303 3373 12
327 3320 425 3373 auctor
446 3317 542 3373 iterati
565 3318 646 3373 Wex:
675 3316 844 3371 auctoritate
863 3319 898 3383 (a.
919 3313 1041 3369 iterandi

38 3390 167 3460 Mudoip,
190 3406 215 3444 u
234 3390 349 3444 tandem
368 3389 515 3456 Frontino,
534 3405 559 3442 n.
577 3389 683 3457 patrati
701 3388 801 3455 Rider,
821 3403 846 3440 a.
865 3384 963 3439 statim
981 3387 1040 3440 An-

37 3461 137 3530 dreaen)
154 3462 159 3530 Ι
176 3466 210 3515 15
229 3459 353 3516 domitae
371 3462 469 3529 gentes
486 3460 668 3515 Puteolanus:
687 3457 829 3514 Domitiae
843 3455 935 3527 gentio
951 3458 956 3527 Ι
972 3456 1039 3526 14,1

38 3527 170 3600 Plautino,
189 3548 237 3588 em.
256 3531 407 3587 Rhenanus
422 3533 457 3599 14
478 3529 643 3599 Cogidunno
661 3529 689 3583 B
