2378 3982
395 195 611 250 GERMANIAE
630 203 744 252 40-43.
1006 197 1069 261 241

63 346 159 418 Quadi
178 354 276 424 agunt.
303 346 462 423 praecipua
476 343 731 404 Marcomanorum
749 343 841 421 gloria
860 346 1010 426 viresque,
1028 356 1070 406 at·

63 437 209 514 queipsa
235 436 321 493 etiam
341 433 426 493 sedes
450 431 543 510 pulsis
567 431 638 491 olim
655 430 735 491 Boiis
759 433 867 491 virtute
890 443 983 511 parta.
1015 451 1070 495 nec

63 523 175 584 Naristi
192 520 322 591 Quadive
345 520 534 599 degenerant.
575 537 668 598 eaque
695 518 867 580 Germaniae
890 519 970 582 velut
988 522 1070 582 frons

63 622 118 690 est,
133 618 278 689 quatenus
292 609 424 669 Danuvio
442 609 653 687 praecingitur.
693 606 888 667 Marcomanis
901 606 1069 687 Quadisque
1083 633 1097 674 e

63 717 159 777 usque
174 699 209 758 ad
224 706 355 757 nostram
371 697 543 756 memoriam
557 712 643 773 reges
657 705 830 756 manserunt
844 713 879 756 ex
894 704 982 773 gente
995 699 1070 775 ipso·

62 805 145 867 rum,
163 785 262 846 nobile
281 783 456 844 Marobodui
475 790 505 843 et
518 782 611 844 Tudri
629 801 723 860 genus
738 779 811 863 (iam
825 792 856 843 et
869 793 1008 844 externos
1021 802 1071 862 pa·

62 867 210 957 liuntur),
229 871 281 933 sed
300 875 344 932 vis
364 881 393 932 et
412 873 541 950 potentia
557 870 679 949 regibus
693 889 729 931 ex
743 873 919 932 auctoritate
933 871 1071 933 Romana.

62 980 131 1023 raro
143 963 233 1021 armis
242 962 361 1040 nostris,
376 962 492 1038 saepius
501 961 627 1037 pecunia
637 961 784 1040 iuvantur,
792 977 847 1020 nec
857 962 955 1021 minus
965 961 1069 1021 valent.

132 1046 183 1110 43.
206 1047 296 1108 Retro
310 1047 462 1127 Marsigni,
482 1047 594 1128 Cotini,
612 1045 677 1126 Osi,
691 1046 762 1107 Buri
777 1057 859 1124 terga
873 1047 1071 1109 Marcomano-

62 1156 132 1199 rum
147 1135 375 1215 Quadorumque
390 1135 539 1196 claudunt
572 1152 589 1195 e
604 1134 712 1214 quibus
726 1133 867 1213 Marsigni
881 1145 911 1195 et
925 1135 997 1196 Buri
1011 1154 1072 1196 ser·

62 1242 151 1288 mone
170 1224 312 1303 cultuque
331 1223 445 1285 Suebos
460 1225 610 1284 reieruntr
629 1222 749 1283 Cotinos
764 1222 886 1303 Gallica,
910 1222 984 1284 Osos
999 1223 1072 1284 Pan·

62 1315 170 1376 nonica
189 1312 289 1390 lingua
307 1313 441 1390 coarguit
459 1329 519 1371 non
537 1325 603 1372 esse
618 1310 792 1390 Germanos,
811 1320 842 1372 et
860 1311 939 1390 quod
961 1310 1072 1372 tributa

62 1404 228 1482 patiuntur.
260 1408 375 1476 partem
397 1398 577 1460 tributorum
597 1398 759 1480 Sarmatae,
781 1407 896 1478 partem
920 1398 1015 1469 Quadi
1038 1408 1072 1460 ut
1099 1420 1111 1461 a

62 1488 239 1564 alienigenis
257 1488 425 1565 imponunt:
444 1485 554 1566 Cotini,
581 1505 639 1565 quo
657 1490 750 1566 magis
769 1488 942 1567 pudeat,‚et
960 1487 1073 1548 ferrum

61 1575 218 1638 effodiunt.
242 1591 404 1652 omnesque
422 1573 454 1633 hi
472 1572 574 1651 populi
589 1591 682 1652 pauca
696 1577 920 1656 campestrium,
939 1584 1073 1637 ceterum

61 1665 159 1726 saltus
182 1673 212 1723 et
230 1664 358 1723 vertices
381 1662 527 1722 montium
550 1662 709 1739 iugumque
734 1663 917 1724 insederunt.
961 1664 1074 1724 dirimit

62 1755 147 1814 enim
166 1751 334 1829 scinditque
354 1748 494 1810 Suebiam
512 1749 686 1809 continuum
705 1751 847 1810 montium
866 1752 977 1831 iugum,
996 1751 1073 1812 ultra

63 1840 146 1920 quod
165 1838 308 1917 plurimae
327 1847 431 1917 gentes
449 1845 554 1916 agunt,
573 1853 610 1896 ex
628 1835 737 1915 quibus
755 1835 896 1896 latissime
915 1846 996 1916 patet
1017 1838 1073 1898 Lu·
1089 1860 1115 1900 1o

64 1932 183 2006 giorum
206 1943 314 1986 nomen
337 1928 368 1986 in
391 1925 492 2004 plures
516 1925 650 1985 civitates
669 1924 819 1984 diffusum.
860 1922 1074 1985 valentissimas

65 2017 236 2076 nominasse
260 2013 401 2092 sufficiet,
419 2012 538 2093 Harios,
558 2011 753 2094 llelveconas,
776 2011 933 2092 Manimos,
958 2012 1075 2093 Elisios,

61 2101 293 2176 ,Nahanarvalos
329 2101 406 2180 apud
425 2100 641 2181 Mabanarvalos
660 2103 798 2179 antiquae
822 2100 975 2178 religionis
990 2100 1075 2161 lucus

67 2189 244 2251 ostenditur.
276 2189 426 2268 praesidet
439 2189 577 2250 sacerdos
592 2188 729 2249 muliebri
743 2199 859 2269 ornatu,
878 2188 930 2249 sed
945 2188 1016 2249 deos
1030 2190 1074 2249 in·

61 2280 280 2359 terpretatione
298 2276 429 2338 Romana
447 2277 599 2338 Castorem
616 2276 824 2357 Pollucemque
839 2286 1013 2338 memorant.
1042 2296 1075 2338 ea
1089 2297 1115 2338 aa

61 2369 111 2438 ¹vis
129 2367 258 2445 numini,
280 2383 387 2427 nomen
405 2365 493 2426 Alcis.
529 2363 609 2426 nulla
630 2365 798 2446 simulacra,
816 2365 930 2426 nullum
945 2368 1076 2443 peregri·

61 2467 121 2516 uae
142 2455 363 2532 superstitionis
388 2455 557 2534 vestigium3
585 2461 619 2513 ut
637 2454 743 2513 iratres
763 2462 875 2533 tamen,
902 2463 935 2513 ut
953 2455 1076 2513 iuvenes

61 2552 255 2604 venerantur.
292 2552 426 2602 ceterum
439 2540 521 2602 Harii
540 2559 632 2620 super
648 2543 741 2620 vires,
760 2540 868 2618 quibus
887 2549 1076 2600 enumeratos

60 2631 155 2701 paulo
171 2638 238 2690 ante
252 2628 377 2708 populos
391 2629 581 2709 antecedunt,
604 2636 705 2690 truces
719 2629 825 2688 insitae
841 2628 951 2687 feritati
965 2636 1028 2687 arte
1041 2646 1075 2688 ac

60 2719 202 2797 tempore
218 2717 437 2778 lenocinantur:
459 2719 543 2795 nigra
562 2725 659 2797 scuta,
681 2719 774 2777 tincta
788 2732 926 2797 corpora3
946 2723 1025 2776 atras
1039 2716 1075 2776 ad
1090 2736 1117 2777 ro
1138 2797 1145 2815 .

139 2887 436 2968 42‚betim1pseb
461 2889 465 2953 Ι
489 2886 553 2968 boiq
571 2886 629 2940 ΒΟ
651 2887 655 2952 Ι
679 2887 763 2969 parte
782 2886 816 2940 O:
840 2887 940 2954 parata
957 2885 1007 2939 Bb
1031 2885 1037 2953 Ι
1062 2892 1078 2938 o

60 2957 899 3096 ratarrtl‘trtnnrabtnttaaa
916 2955 944 3079 t
959 2958 1077 3106 atat

59 3097 68 3140 ὗ
93 3099 273 3170 [iugumque]
284 3098 439 3162 Acidaliae,
461 3097 609 3169 [montium
627 3097 792 3179 iugumque]
813 3095 1006 3163 Reifferaobeod
1022 3095 1078 3174 1⁸10

59 3169 207 3240 egiorum
225 3169 288 3236 Bb,
315 3170 362 3223 sod
385 3184 400 3222 e
423 3169 455 3222 t'n
476 3185 495 3236 y
513 3167 546 3238 (i)
563 3184 641 3234 corr,
668 3167 825 3237 leugrorum
844 3165 868 3221 0
894 3166 899 3234 Ι
930 3169 961 3217 12
982 3161 1077 3217 Gerros

59 3243 119 3295 bel
139 3238 267 3307 Charios)
285 3238 462 3293 Helveeonas
482 3241 538 3305 Ml.
557 3256 587 3308 p.
606 3244 664 3295 246
682 3244 706 3292 et
724 3242 782 3294 248
808 3241 812 3303 1
837 3234 1010 3290 Heluetonas
1028 3232 1078 3299 13¹,

59 3306 237 3365 ²luheconas
257 3310 281 3364 0
302 3313 307 3378 Ι
333 3316 365 3363 13
384 3309 553 3364 naharualos
573 3310 620 3363 Bb
639 3315 752 3377 utroque
771 3309 841 3371 loco,
865 3303 1078 3372 coopertorem

59 3379 289 3447 tahanaruatom
308 3382 343 3446 cs.
363 3380 419 3447 Mf.
438 3385 543 3449 pm
568 3383 572 3447 Ι
600 3384 631 3433 15
651 3377 789 3431 memoret
805 3375 854 3429 Bb
884 3377 889 3442 Ι
920 3379 952 3428 16
972 3371 1078 3429 oleiab

59 3452 223 3576 ἓοθεῖὲεῑ
240 3449 304 3503 Alci
322 3451 493 3522 Nipperdey)
518 3455 523 3521 Ι
549 3455 581 3503 18
601 3447 654 3502 arii
672 3449 718 3514 al,
737 3444 787 3500 olii
805 3443 885 3499 Boo
907 3446 911 3511 Ι
934 3450 966 3499 19
984 3445 1077 3500 truces

92 3538 160 3580 eroa
191 3538 238 3575 uc:
256 3519 344 3574 trucis

118 3617 228 3661 raom
242 3617 318 3658 raes
333 3617 365 3662 n„
881 3604 919 3657 id
