2378 3982
399 214 604 283 Aonrcomn
622 235 736 284 ae-ee.
1006 229 1073 293 269

61 377 230 438 veniebant.
281 375 360 454 quod
387 378 420 436 ni
445 375 586 454 frequens
613 374 724 454 ubique
750 374 886 453 Agricola
908 375 1017 437 validas
1041 385 1072 437 et

60 466 217 544 expeditas
232 463 370 524 cohortes
388 463 534 541 indaginis
552 463 653 544 modo,
680 470 710 523 et
728 461 824 523 sicubi
846 465 956 523 artiora
974 474 1071 545 erant,

61 561 180 630 partem
198 553 332 630 equitum
351 551 481 612 dimissis
499 552 598 632 equis,
621 550 709 611 simul
731 552 861 611 rariores
884 550 971 611 silvas
989 553 1071 630 equi·

61 648 127 701 tem
144 641 329 719 perscrutari
346 641 496 719 iussisset,
515 647 669 716 acceptum
688 638 807 718 aliquod
829 637 937 699 vulnus
954 656 1009 717 per
1027 641 1070 702 ni·
1084 661 1111 700 ro

62 730 155 789 miam
168 728 306 788 fiduciam
320 727 405 787 foret.
438 736 571 786 ceterum
590 725 643 787 ubi
661 729 840 805 compositos
854 727 948 786 firmis
962 724 1071 786 ordini·

63 812 123 876 bus
137 818 222 895 sequi
236 833 342 876 rursus
356 815 470 896 videre,
492 816 524 874 in
538 814 636 892 lugam
656 816 748 893 versi,
769 833 829 875 non
842 814 1019 895 agminibus,
1038 824 1073 875 ut

65 905 163 984 prius,
182 921 237 964 nec
256 903 331 963 alius
349 902 439 963 alium
457 910 672 983 respectantes,
695 904 757 962 rari
776 912 805 962 et
818 901 972 963 vitabundi
985 904 1017 962 in
1030 904 1072 962 vi-

61 1007 133 1063 ¹cem
155 991 315 1070 longinqua
337 998 426 1070 atque
449 992 512 1050 avia
535 991 657 1068 petiere.
701 989 768 1050 finis
792 990 936 1069 sequendi
961 1008 1019 1050 nox
1043 999 1073 1051 et

61 1066 187 1140 'satietas
210 1080 274 1140 luit.
322 1096 407 1140 caesa
429 1077 561 1138 hostium
579 1076 615 1137 ad
639 1076 742 1138 decem
769 1077 864 1139 milia:
900 1079 1072 1139 nostrorum
1085 1097 1112 1138 rs

70 1168 194 1227 'trecenti
221 1170 372 1245 sexaginta
400 1166 548 1246 cecidere,
579 1167 611 1225 in
640 1166 706 1244 quis
738 1164 831 1226 Aulus
849 1166 965 1226 Atticus
988 1184 1072 1243 prae·

115 1263 164 1315 tus
192 1254 335 1334 cohortis,
364 1253 485 1316 iuvenili
515 1253 621 1314 ardore
649 1262 679 1313 et
706 1253 817 1314 lerocia
841 1255 911 1333 equi
937 1252 1074 1313 hostibus

110 1352 185 1403 atus.

135 1426 187 1489 38.
210 1426 249 1486 Et
268 1444 327 1486 nox
350 1425 469 1504 quidem
489 1429 595 1507 gaudio
612 1429 781 1509 praedaque
804 1429 880 1490 laeta
898 1427 1075 1489 victoribus:

92 1517 203 1578 ritanni
215 1514 348 1593 palantes
362 1515 513 1593 mixtoque
522 1519 653 1577 virorum
663 1516 880 1596 mulierumque
890 1516 1009 1595 ploratu
1017 1525 1075 1576 tra-

61 1668 65 1693 ,
90 1623 141 1665 ere
163 1602 345 1682 vulneratos,
373 1619 478 1662 vocare
496 1604 643 1682 integros,
666 1604 804 1665 deserere
832 1606 935 1666 domos
964 1623 998 1665 ac
1020 1621 1075 1683 per

63 1684 143 1753 ham
161 1691 240 1752 ultro
258 1689 428 1770 incendere,
451 1689 560 1768 eligere
578 1689 706 1750 latebras
725 1700 755 1753 et
773 1695 872 1753 statim
890 1692 1074 1772 relinquere;

61 1782 194 1841 miscere
207 1780 240 1838 in
256 1779 351 1838 vicem
365 1777 488 1837 consilia
504 1770 642 1860 [aliqua],
661 1776 729 1837 dein
748 1796 898 1859 separare3
919 1778 1103 1858 aliquandoa

61 1860 164 1948 frangi
182 1873 304 1944 aspectu
321 1867 479 1944 pignorum
501 1882 636 1946 suorum,
661 1865 782 1944 'saepius
806 1868 957 1927 concitari.
992 1869 1075 1926 satis-

61 1966 128 2034 que
142 1953 296 2016 constabat
309 1955 436 2013 saevisse
452 1952 594 2031 quosdam
607 1954 639 2013 in
653 1955 794 2031 coniuges
808 1972 842 2014 ac
861 1953 984 2034 liberos,
1003 1960 1077 2013 tam·

61 2054 158 2123 quam
179 2043 403 2102 misererentur.
432 2043 586 2119 proximus
609 2040 673 2100 dies
696 2041 801 2117 faciem
828 2042 970 2102 victoriae
988 2040 1077 2101 latius

61 2132 198 2209 aperuit:
224 2137 338 2189 vastum
361 2127 471 2206 ubique
490 2128 653 2208 silentium,
677 2128 788 2189 deserti
807 2128 911 2210 colles,
935 2128 1076 2189 fumantia

61 2216 173 2296 procul
187 2224 274 2292 tecta,
292 2234 379 2277 nemo
394 2216 629 2294 exploratoribus
644 2215 757 2277 obvius.
790 2217 899 2296 qubius
914 2219 945 2276 in
959 2235 1077 2277 omnem
1090 2238 1117 2278 ro

61 2313 184 2385 partem
207 2304 352 2385 dimissis,
379 2303 432 2365 ubi
454 2306 569 2365 incerta
588 2305 674 2383 fugae
692 2307 816 2384 vestigia
834 2323 930 2385 neque
950 2323 1076 2384 usquam

61 2393 240 2472 conglobari
258 2392 360 2453 hostes
383 2401 568 2471 compertum
591 2385 637 2474 (et
651 2401 752 2454 exacta
771 2397 830 2453 iam
848 2401 958 2454 aestate
978 2395 1078 2471 spargi

61 2472 180 2543 ltellum
189 2474 358 2561 nequibat),
372 2481 404 2540 in
418 2480 492 2540 lines
504 2478 697 2540 Borestorum
715 2483 878 2541 exercitum
892 2481 1021 2541 deducit.
1035 2480 1078 2539 ibi

67 2571 201 2648 acceptis
219 2567 386 2648 obsidibus,
403 2568 554 2646 praefecto
576 2567 678 2628 classis
693 2566 876 2628 circumvehi
895 2566 1077 2627 Britanniam

65 2658 223 2737 praecipit.
260 2657 343 2716 datae
365 2655 401 2715 ad
424 2655 455 2716 id
478 2657 573 2735 vires,
596 2663 628 2715 et
648 2663 853 2734 praecesserat
875 2663 981 2715 terror.
1012 2656 1077 2732 ipse
1091 2674 1118 2716 rs

68 2744 201 2825 peditem
220 2751 308 2822 atque
327 2745 443 2822 equites
467 2742 548 2803 lento
562 2745 683 2824 itinere,
705 2761 765 2823 quo
784 2761 926 2804 novarum
945 2744 1077 2822 gentium

70 2834 161 2894 enimi
172 2834 238 2911 ipsa
251 2832 394 2892 transitus
412 2848 494 2891 mora
506 2840 705 2912 terrerentur,
717 2834 750 2890 in
768 2830 1025 2893 hibernislocarit.
1048 2839 1079 2891 et

71 2919 159 2981 simul
172 2919 275 2981 classis
289 2918 418 2981 secunda
432 2926 606 2997 tempestate
625 2936 659 2979 ac
680 2918 755 2980 fama
765 2919 997 2980 Trucculensem
1010 2937 1077 2997 por-

140 3053 191 3122 at,
207 3058 240 3108 18
262 3059 326 3123 post
347 3052 432 3106 modo
449 3052 610 3124 Nipperdey
632 3054 748 3108 laeuone
764 3054 873 3122 siquem
885 3053 981 3121 posuit
1010 3051 1015 3119 Ι
1044 3056 1077 3105 19

61 3123 166 3193 ,equite
183 3122 348 3204 Apequites
366 3123 465 3192 Β120
482 3121 653 3206 perscrutari
671 3123 852 3178 dormissem:
871 3119 1023 3190 persultari
1041 3121 1077 3187 A,

70 3193 310 3330 misma<
331 3193 485 3343 cerna.
500 3191 1078 3341 naeu

70 3334 217 3392 Acidaliae
232 3339 237 3401 l
254 3334 303 3388 sed
320 3350 378 3388 ran
396 3336 435 3389 ed.
454 3334 605 3401 Biponta'm'
620 3335 624 3402 Ι
640 3339 674 3387 26
693 3348 773 3399 quere
787 3332 815 3385 Β
830 3333 835 3400 l
851 3331 922 3399 38st
937 3331 1078 3384 Bntcnm·

89 3421 132 3474 ue,
151 3422 200 3461 ern.
219 3404 387 3459 Puteolanus
402 3406 407 3472 Ι
423 3409 439 3458 t
459 3403 579 3474 [ulique]
601 3403 713 3457 Classen
729 3404 733 3470 Ι
749 3401 816 3456 dein
833 3403 862 3456 Β
877 3403 882 3471 Ι
897 3407 914 3457 8
932 3400 1079 3458 misererdt

71 3420 149 3548 blo
169 3473 275 3530 deserti
292 3474 417 3530 Ernesti:
437 3474 538 3527 secreti
553 3476 558 3542 l
575 3479 608 3527 14
626 3472 753 3542 profecto
766 3473 794 3527 Β
810 3474 814 3543 Ι
832 3478 864 3527 tt
883 3475 1024 3527 terrentur
1036 3472 1077 3544 ΒΙ

72 3550 103 3604 tt
120 3545 328 3603 lrucculeneem
345 3546 385 3600 A:
404 3543 543 3615 tmtulens
562 3544 606 3597 est
622 3544 651 3599 B
