2378 3982
384 218 598 278 onnunnmu
616 229 694 278 o-a.
979 225 1045 290 223

29 390 215 455 quamquam
228 374 356 451 proximi
366 372 403 433 ob
422 386 511 432 usum
525 372 773 432 commerciorum
786 388 891 432 aurum
901 380 931 432 et
941 391 1044 451 argen-

29 475 102 524 tum
123 463 155 521 in
172 463 268 539 pretio
286 460 398 521 babent
416 460 585 537 formasque
605 458 746 538 quasdam
764 466 883 519 nostrae
901 463 1045 537 pecuniae

29 551 222 628 adgnoscunt
236 556 324 629 atque
338 548 464 627 eligunt:
487 549 645 608 interiores
664 546 828 625 simplicius
847 555 879 607 et
896 551 1086 627 antiquius1s

29 639 255 719 permutatione
269 638 414 697 mercium
428 643 562 696 utuntur.
597 637 753 715 pecuniam
771 634 899 713 probant
917 644 1047 698 veterem

32 736 67 787 et
87 726 139 786 diu
157 732 270 804 notam,
294 732 424 784 serratos
438 723 619 803 bigatosque.
652 731 807 802 argentum
822 741 940 802 quoque
955 727 1047 803 magis

35 831 129 894 quam
143 830 250 874 aurum
264 820 440 893 sequuntur,
457 810 537 872 nulla
550 811 715 872 adfectione
731 812 829 891 animi,
844 812 896 872 sed
912 814 981 891 quia
994 830 1047 873 nu·

34 918 141 962 merus
161 907 370 978 argenteorum
388 899 502 960 facilior
515 901 585 960 usui
599 907 645 960 est
657 901 828 979 promiscua
841 917 875 960 ac
889 900 958 960 vilia
972 918 1047 960 mer-

37 988 186 1050 cantibus
1060 1012 1087 1052 ao

108 1074 136 1137 6.
159 1074 202 1136 Ne
216 1075 329 1136 ferrum
344 1075 463 1154 quidem
477 1082 615 1153 superest
622 1120 632 1155 ,
656 1076 734 1135 sicut
748 1093 784 1135 ex
798 1092 907 1152 genere
920 1074 1048 1137 telorum

37 1164 196 1242 colligitur.
229 1165 290 1224 rari
303 1162 406 1241 gladiis
421 1171 472 1223 aut
485 1162 647 1224 maioribus
661 1162 772 1246 lanceis
786 1169 925 1224 utuntur:
948 1163 1047 1225 hastas

37 1252 86 1313 vel
105 1255 240 1331 ipsorum
258 1250 399 1312 vocabulo
419 1252 544 1311 frameas
558 1258 666 1329 gerunt
679 1259 804 1328 angusto
819 1250 947 1312 etbrevi
960 1251 1048 1332 ferro,

38 1341 93 1401 sed
107 1343 147 1400 ita
161 1341 223 1401 acri
243 1345 273 1398 et
287 1339 323 1398 ad
337 1357 425 1400 usum
438 1338 538 1419 habili,
556 1347 591 1400 ut
605 1339 709 1400 eodem
722 1338 790 1420 telo,
804 1346 894 1417 prout
908 1340 984 1399 ratio
998 1356 1049 1417 po·

39 1430 107 1507 scit,
129 1426 176 1487 vel
199 1427 363 1486 comminus
385 1426 432 1485 vel
455 1430 570 1488 eminus
596 1435 738 1506 pugnent.
775 1434 806 1487 et
823 1445 914 1506 eques
929 1426 1076 1505 quideme

40 1521 128 1575 scuto
146 1513 316 1592 frameaque
336 1521 493 1574 contentus
513 1523 567 1594 est,
584 1516 700 1595 pedites
714 1523 745 1576 et
758 1515 881 1576 missilia
896 1523 1049 1596 spargunt,

10 1591 16 1631 ²
39 1602 187 1682 pluraque
208 1599 330 1681 singuli,
353 1608 442 1680 atque
461 1604 493 1661 in
510 1603 688 1663 immensum
706 1600 830 1683 vibrant,
853 1603 927 1665 nudi
940 1612 991 1665 aut
1004 1621 1049 1665 sa·

10 1678 21 1755 s.
40 1689 110 1769 gulo
124 1689 212 1750 leves.
236 1687 317 1749 nulla
331 1688 429 1750 cultus
444 1690 576 1768 iactatio;
591 1698 674 1750 scuta
687 1698 802 1751 tantum
816 1691 986 1753 lectissimis
1000 1710 1048 1752 co·

10 1767 21 1807 ¹
40 1777 155 1839 loribus
179 1778 353 1854 distingunt.
390 1778 493 1855 paucis
516 1775 639 1856 loricae,
666 1778 714 1837 vix
736 1779 790 1838 uni
812 1777 933 1839 alterive
956 1782 1048 1840 cassis

42 1874 94 1926 aut
116 1864 206 1944 galea.
239 1866 308 1944 equi
326 1883 386 1924 non
405 1864 512 1944 forma,
536 1880 596 1924 non
621 1862 776 1925 velocitate
800 1867 961 1943 conspicui
998 1867 1050 1926 sed
1065 1892 1090 1931 ιο

10 1943 26 1982 ³
41 1973 98 2014 nec
112 1955 226 2012 variare
240 1970 328 2030 gyros
342 1955 373 2011 in
386 1970 500 2012 morem
513 1960 649 2012 nostrum
660 1952 818 2014 docentur:
832 1954 864 2013 in
873 1962 990 2013 rectum
1000 1961 1051 2014 aut

10 2030 103 2102 uuno
122 2040 202 2100 flexu
221 2039 341 2099 dextros
361 2048 464 2120 agunt,
481 2042 523 2100 ita
538 2043 695 2101 coniuncto
711 2040 791 2122 orbe,
806 2049 840 2101 ut
853 2058 940 2101 nemo
954 2049 1050 2120 poste·

10 2109 107 2189 trior
130 2130 177 2188 sit.
214 2129 245 2188 in
268 2129 438 2188 uuiversum
460 2121 627 2189 aestimanti
648 2128 716 2207 plus
738 2146 831 2207 penes
854 2129 985 2207 peditem
1004 2148 1050 2190 ro·

10 2205 138 2297 ⁸boris3
158 2233 252 2295 eoque
270 2217 356 2276 mixti
373 2216 571 2298 proeliantur,
590 2225 657 2295 apta
671 2225 701 2277 et
715 2227 897 2296 congruente
911 2218 946 2278 ad
962 2235 1050 2296 eque·

10 2294 30 2333 ¹³
44 2313 136 2365 strem
146 2321 275 2383 pugnam
284 2303 439 2365 velocitate
447 2305 589 2384 peditum,
610 2322 684 2382 quos
694 2323 730 2365 ex
744 2308 825 2365 omni
837 2307 991 2366 iuventute
1001 2307 1049 2366 de·
1066 2329 1091 2372 1a

14 2381 136 2454 ‘lectos
155 2400 222 2453 ante
245 2393 339 2453 aciem
361 2391 468 2454 locant.
500 2393 640 2452 delinitur
655 2400 685 2453 et
697 2411 854 2455 numerus:
877 2397 996 2454 centeni
1015 2412 1051 2454 ex

10 2468 36 2508 κ
44 2481 168 2559 singulis
182 2482 266 2559 pagis
281 2487 359 2560 sunt,
373 2481 463 2560 idque
476 2482 575 2559 ipsum
589 2482 668 2541 inter
682 2499 752 2541 suos
766 2490 918 2561 vocantur,
933 2490 962 2542 et
973 2482 1051 2561 quod

10 2556 138 2646 '‘ffprimp
154 2586 296 2629 numerus
311 2567 379 2649 fuit,
403 2570 461 2628 iam
479 2585 587 2628 nomen
601 2578 632 2629 et
645 2568 741 2628 honor
755 2576 808 2628 est.
841 2570 920 2628 acies
934 2586 988 2646 per
1002 2587 1052 2630 cu·

10 2635 115 2718 *¹³neos
129 2658 325 2736 componitur.
357 2656 463 2717 cedere
477 2655 555 2736 loco,
569 2656 728 2718 dummodo
747 2673 853 2716 rursus
866 2658 968 2739 instes,
982 2674 1051 2718 con-

10 2728 102 2806 ensiffi
122 2762 209 2823 quam
228 2744 393 2805 formidinis
412 2743 602 2804 arbitrantur.
634 2762 759 2823 corpora
777 2762 899 2805 suorum
913 2747 1001 2806 etiam
1020 2748 1051 2806 in
1065 2771 1092 2810 ro

10 2817 141 2916 'ffdobiis
155 2832 277 2911 proeliis
290 2831 433 2893 referunt.
457 2840 575 2897 scutum
589 2831 746 2911 reliquisse
764 2835 956 2912 praecipuum
971 2834 1051 2912 flagi·

10 2904 116 2981 lr‘tium
123 2967 132 3000 ,
161 2939 216 2991 nec
234 2928 286 2980 aut
299 2922 392 2981 sacris
406 2919 509 2980 adesse
528 2929 580 2980 aut
593 2921 751 2981 concilium
765 2923 841 2981 inire
854 2923 1050 3000 ignominioso

40 3006 100 3091 fas3
115 3008 260 3087 multique
275 3010 451 3087 superstites
465 3007 611 3068 bellorum
625 3008 775 3069 infamiam
784 3009 889 3087 laqueo
899 3010 1050 3069 finierunt.

10 3091 34 3190 {f
106 3095 135 3157 t.
158 3096 253 3174 Reges
277 3114 313 3156 ex
336 3095 501 3177 nobilitate,
525 3096 616 3158 duces
638 3115 675 3157 ex
689 3099 799 3158 virtute
823 3104 952 3157 sumunt.
994 3113 1050 3155 nec

10 3183 32 3218 ,α’

15 3234 29 3287 s
113 3263 144 3332 5,
160 3272 193 3321 lt
218 3266 418 3335 argentumque
441 3267 480 3320 H.
500 3266 600 3321 Schultz
624 3267 629 3333 Ι
655 3273 688 3321 18
707 3265 854 3320 affectione
874 3265 907 3319 0:
937 3262 1049 3317 affecta·

11 3334 26 3407 ἦ
33 3332 118 3392 tione
136 3337 185 3392 Bb
202 3339 206 3406 Ι
222 3337 275 3404 6,1
293 3337 376 3405 plura
394 3339 429 3392 al.
447 3339 451 3403 Ι
467 3336 497 3389 in
514 3353 564 3392 om.
578 3337 628 3391 Bb
644 3339 649 3403 Ι
666 3342 699 3390 10
718 3335 801 3404 galea
819 3334 982 3388 Rhenanam
1002 3349 1049 3402 gn-

10 3387 102 3463 9‘leae
121 3407 214 3477 (galea
233 3409 277 3460 est
296 3408 423 3475 Mutaell)
444 3409 449 3477 Ι
470 3413 501 3460 11
521 3406 660 3460 uarietate
679 3406 695 3460 b
711 3407 716 3472 Ι
738 3411 770 3458 12
789 3403 901 3457 dextros
919 3403 966 3458 vel
984 3403 1049 3458 sini-

10 3472 115 3535 istros
134 3479 189 3534 Aa.
210 3478 357 3533 Michaelis
372 3480 376 3542 1
393 3478 493 3531 cuncto
512 3477 548 3542 B,
567 3476 667 3530 concio
687 3475 717 3540 0,
735 3474 830 3527 iuncto
840 3473 979 3530 Baehrens
994 3477 999 3546 Ι
1016 3480 1049 3530 to

10 3542 160 3602 ldilectos
177 3549 206 3602 B
224 3563 245 3603 a.
265 3549 282 3603 l.
298 3550 304 3617 Ι
321 3543 354 3602 ia
373 3547 460 3618 quod]
482 3547 594 3615 quidem
612 3546 661 3600 Bb
680 3544 739 3612 (qui
757 3543 858 3614 Ritter)
