2378 3982
136 211 203 277 236
484 206 653 264 sonuum
669 206 788 262 raom

137 350 234 440 genti)
256 355 338 416 velut
358 354 510 417 rincrdum
531 363 641 437 gestat,
664 355 758 416 donec
777 373 809 416 se
828 353 919 417 caede
937 355 1040 418 bostis
1060 356 1102 418 ab:

98 475 124 515 10
138 453 195 506 vat.
231 442 366 522 plurimis
385 443 557 504 Chattorum
576 443 625 504 hic
642 443 740 522 placet
757 442 888 524 habitus,
906 445 1031 523 iamque
1047 464 1102 507 can

138 535 269 610 insignes
284 539 314 592 ct
327 530 463 592 hostibus
477 531 565 592 simul
575 534 698 611 suisque
712 533 877 592 monstrati.
907 534 1049 593 omnium
1064 553 1102 613 pe

138 620 193 681 hos
210 621 295 681 initia
312 637 494 700 pugnarum3
516 618 589 680 baec
607 622 702 698 prima
721 637 839 698 semper
857 620 949 700 acies,
974 621 1048 683 visu
1068 641 1102 683 ne

138 727 206 769 nam
220 726 258 768 ne
272 710 304 768 in
317 725 390 786 pace
406 706 525 786 quidem
540 707 622 768 cultu
636 710 754 768 mitiore
768 715 991 768 mansuescunt.
1009 710 1095 771 nulii

138 815 205 857 mus
229 803 279 857 aut
301 813 372 873 ager
391 803 443 856 aut
460 795 557 875 aliqua
579 813 664 856 curae
687 803 777 874 prout
799 795 836 855 ad
859 813 1009 874 quemque
1036 817 1102 859 vem

99 914 125 956 1⁶
139 885 274 966 aluntur,
297 883 414 962 prodigi
436 882 537 963 alieni,
561 891 780 962 contemptores
794 885 855 964 sui,
878 883 974 945 donec
988 903 1102 966 exsanp

138 981 278 1034 senectus
291 979 352 1032 tam
366 972 457 1032 durae
472 973 576 1032 virtuti
589 973 718 1049 impares
732 971 828 1031 iaciat.

206 1057 257 1122 32.
280 1059 411 1120 Proximi
428 1059 541 1120 Chattis
564 1067 678 1120 certum
701 1061 759 1120 iam
774 1059 855 1119 alveo
869 1058 1019 1140 Rhenum,
1043 1065 1102 1141 qui«

140 1149 286 1209 terminus
312 1166 377 1210 esse
395 1149 532 1229 sufficiat,
550 1146 633 1226 Usipi
651 1166 685 1208 ac
703 1147 843 1208 Tencteri
861 1146 972 1209 colunt.
1010 1148 1102 1212 Teuc

140 1254 231 1314 super
245 1236 365 1297 solitum
379 1235 524 1296 bellorum
539 1235 630 1296 decus
644 1238 790 1313 equestris
806 1234 978 1314 disciplinae
991 1245 1061 1298 arte
1071 1258 1101 1318 pr

140 1323 265 1404 cellunt3
282 1342 338 1385 uec
356 1325 450 1384 maior
467 1322 545 1401 apud
560 1323 681 1384 Chattos
694 1323 828 1401 peditum
841 1322 905 1385 laus
920 1341 1011 1402 quam
1027 1325 1102 1387 Tem

113 1440 127 1483 a
140 1415 183 1474 ris
197 1414 340 1491 equitum.
369 1413 413 1471 sio
427 1413 584 1472 instituere
598 1413 738 1473 maiores:
751 1413 864 1490 posteri
877 1413 1046 1476 imitantur.
1065 1414 1099 1475 hi

141 1518 192 1561 sus
210 1500 381 1579 infantium,
403 1498 477 1559 haee
491 1500 631 1560 iuvenum
651 1499 822 1561 aemulatio:
844 1508 1042 1578 perseverant
1058 1521 1102 1563 ser

140 1587 219 1648 iuter
229 1586 367 1647 familiam
377 1593 408 1647 et
416 1595 538 1666 penates
548 1596 579 1648 et
588 1590 653 1648 iura
663 1589 885 1648 successionum
895 1590 965 1666 equi
974 1590 1101 1652 tradunt

142 1676 252 1754 excipit
265 1674 358 1755 filius,
375 1693 434 1735 non
448 1683 482 1736 ut
495 1683 609 1756 cetera,
626 1678 772 1736 maximus
786 1683 871 1757 natu,
894 1676 946 1736 sed
960 1687 1055 1755 prout
1070 1679 1102 1740 fe:

141 1762 218 1824 bebo
233 1770 263 1824 et
277 1763 390 1824 melior.

207 1849 259 1913 33.
286 1851 371 1912 iuxta
398 1850 560 1912 Tencteros
583 1850 721 1911 Bructeri
744 1850 814 1910 olim
836 1851 1049 1914 occurrebant:
1073 1873 1102 1914 nr

142 1939 302 2001 Chamavos
326 1947 356 2001 et
377 1939 567 2017 Angrivarios
589 1940 764 2016 inmigrassc
786 1949 937 2020 narratur,
960 1940 1059 2018 pulsis
1080 1943 1102 2002 B

141 2030 232 2089 eteris
255 2046 290 2087 ac
309 2028 429 2106 penitus
444 2027 552 2086 excisis
566 2027 730 2086 vicinarum
744 2044 892 2088 consensu
905 2029 1078 2110 nationum,
1100 2057 1102 2091 ι

142 2115 298 2194 superbiae
327 2114 393 2174 odio
422 2131 475 2174 seu
497 2114 623 2191 praedae
651 2113 807 2175 dulcedine
831 2132 883 2176 seu
901 2115 1002 2175 favore
1023 2120 1102 2196 quod

114 2229 127 2270 5
142 2221 211 2281 erga
226 2221 280 2262 nos
295 2201 433 2280 deorum;
446 2219 515 2261 uam
528 2220 565 2261 ne
580 2203 747 2281 spectaculo
762 2203 881 2282 quidem
890 2203 997 2281 proelii
1007 2207 1102 2268 invidt

142 2307 233 2368 super
254 2290 405 2366 sexaginta
418 2289 498 2349 milia
512 2307 572 2349 non
586 2293 675 2352 armis
689 2290 816 2370 telisque
828 2292 981 2373 Romanis,
1003 2295 1057 2355 sed
1074 2315 1102 2376 (p

142 2377 378 2456 magnificentius
393 2385 447 2458 est,
461 2376 650 2440 oblectationi
663 2378 817 2459 oculisque
827 2380 1009 2442 oeciderunt.
1024 2400 1102 2444 mam

143 2482 266 2546 quaeso,
293 2465 440 2544 duretque
463 2465 613 2547 gentibus,
641 2468 667 2527 si
689 2485 749 2528 non
773 2486 854 2529 amor
876 2470 985 2548 nostri,
1015 2479 1045 2531 at
1071 2491 1102 2533 oe

142 2553 243 2614 odium
261 2554 318 2634 sui,
339 2553 456 2632 quando
475 2554 672 2633 urguentibus
690 2557 808 2634 imperii
825 2556 892 2616 iatis
907 2555 982 2617 nihil
996 2560 1056 2620 iam
1069 2579 1102 2641 pr

102 2668 130 2708 ιο
143 2649 222 2703 stare
237 2641 356 2703 iortuna
369 2643 465 2703 maius
479 2649 578 2722 potest
592 2661 681 2721 quam
693 2642 824 2704 hostium
837 2643 1026 2706 discordiam.

209 2726 262 2791 34.
283 2730 473 2807 Angrivarios
493 2737 524 2790 et
542 2729 703 2791 Chamavos
721 2749 738 2792 a
755 2739 837 2808 tergo
856 2731 1020 2810 Dulgubnii
1034 2736 1103 2797 etC

142 2819 235 2878 suarii
257 2816 382 2878 cludunt
406 2818 539 2897 aliaeque
556 2827 660 2898 gentes
678 2819 755 2879 haud
774 2819 897 2897 perinde
916 2832 1101 2885 memoratae

142 2905 240 2966 fronte
254 2905 344 2966 Frisii
362 2908 522 2986 excipiunt.
555 2905 716 2968 maioribus
734 2907 958 2987 minoribusque
976 2909 1088 2974 Frisiis

212 3110 258 3178 31,
273 3116 290 3165 t)
309 3109 1102 3234 ebsoiueritb¹i¹piur1m1s10]ferooiss1misNipperd

85 3186 91 3202 '
144 3186 176 3236 11
195 3182 348 3250 sibam
366 3187 398 3235 12
416 3181 578 3236 neuterve
621 3182 783 3249 roceium!
800 3187 844 3235 13
852 3182 929 3235 cultu
949 3182 1088 3242 ovano

144 3251 198 3323 115
218 3184 409 3332 exanguelsb
418 3252 423 3320 Ι
447 3251 498 3320 32,
513 3253 578 3306 tet
594 3251 670 3305 bello
689 3251 789 3305 melior
806 3252 933 3308 Muretus
957 3256 962 3321 Ι
986 3254 1034 3324 33,
1052 3264 1102 3312 2c

141 3338 239 3375 menos
258 3323 274 3377 b
299 3326 304 3392 Ι
326 3320 505 3404 pngrinerios
524 3322 561 3390 bl,
581 3321 759 3391 anguiuerios
779 3321 803 3378 0
823 3322 828 3393 Ι
853 3324 951 3390 dfert
970 3297 1093 3383 excissis

141 3392 343 3532 ὲιῗςιιιιιιΙξιιῙιὲἑ1
316 3409 391 3517 sebna
396 3393 462 3518 Bp,
489 3391 706 3519 inGprgentibpsl
721 3392 767 3518 Ob
782 3392 999 3518 inffffintssbsss·
996 3396 1102 3455 Bdhrer

140 3534 150 3606 Ι
169 3469 343 3588 oeclesnblrn
345 3480 531 3604 Gmffiappmi
550 3481 637 3607 pppm)
655 3463 1002 3605 Blbglltnbi‘nudufftlb'mi
1019 3475 1073 3528 m
1091 3472 1102 3526 l
